@techreport{Stefansson2018,
    title = {{3D obstacle avoidance for drones using a realistic sensor setup}},
    year = {2018},
    booktitle = {DEGREE PROJECT COMPUTER SCIENCE AND ENGINEERING},
    author = {Stefansson, Thor}
}

@techreport{Zhao2015,
    title = {{3D Obstacle Avoidance for Unmanned Autonomous System (UAS)}},
    year = {2015},
    author = {Zhao, Lin},
    url = {http://digitalscholarship.unlv.edu/thesesdissertationshttp://digitalscholarship.unlv.edu/thesesdissertations/2507},
    keywords = {Autonomous, Obstacle Aviodance, UAS, three-dimensional}
}

@techreport{Magalhaes-Mendes,
    title = {{A Comparative Study of Crossover Operators for Genetic Algorithms to Solve the Job Shop Scheduling Problem}},
    author = {Magalh{\~{a}}es-Mendes, Jorge},
    url = {https://pdfs.semanticscholar.org/3bda/cac99759ca1c71e241b815ea50226b05af70.pdf},
    keywords = {Crossover Operators, Genetic Algorithms, JSSP, Key-Words:-Scheduling, Operations Research, Optimization}
}

@techreport{Fung,
    title = {{A Feature Selection Newton Method for Support Vector Machine Classification}},
    author = {Fung, Glenn and Mangasarian, O L},
    url = {https://pdfs.semanticscholar.org/6687/4b845c72834a11c63cfa62714bf2d0b4c663.pdf?fbclid=IwAR3yNRMBSDjyMp9qfrJDhtw659th4qKDfBqE1ir2Z9kcqCb4s2XzOoD4ydE},
    keywords = {Newton, classification, feature selection, lin-ear programming}
}

@inproceedings{Eker2011,
    title = {{A finite horizon DEC-POMDP approach to multi-robot task learning}},
    year = {2011},
    booktitle = {2011 5th International Conference on Application of Information and Communication Technologies (AICT)},
    author = {Eker, Baris and Ozkucur, Ergin and Mericli, Cetin and Mericli, Tekin and Akin, H. Levent},
    month = {10},
    pages = {1--5},
    publisher = {IEEE},
    url = {http://ieeexplore.ieee.org/document/6111001/},
    isbn = {978-1-61284-832-7},
    doi = {10.1109/ICAICT.2011.6111001}
}

@inproceedings{He2008,
    title = {{A fuzzy neural network based on T-S model for mobile robots to avoid obstacles}},
    year = {2008},
    booktitle = {Lecture Notes in Computer Science (including subseries Lecture Notes in Artificial Intelligence and Lecture Notes in Bioinformatics)},
    author = {He, Kunpeng and Gao, Yanbin and Sun, Hua},
    number = {PART 1},
    pages = {1127--1134},
    volume = {5314 LNAI},
    isbn = {3540885129},
    doi = {10.1007/978-3-540-88513-9-120},
    issn = {03029743},
    keywords = {Avoiding obstacles, Fuzzy neural network, Mobile robot, Multi-sensor}
}

@inproceedings{Yaghmaie2013,
    title = {{A new method for mobile robot navigation in dynamic environment: Escaping algorithm}},
    year = {2013},
    booktitle = {2013 First RSI/ISM International Conference on Robotics and Mechatronics (ICRoM)},
    author = {Yaghmaie, F. Adib and Mobarhani, A. and Taghirad, H. D.},
    month = {2},
    pages = {212--217},
    publisher = {IEEE},
    url = {http://ieeexplore.ieee.org/document/6510107/},
    isbn = {978-1-4673-5811-8},
    doi = {10.1109/ICRoM.2013.6510107}
}

@inproceedings{Min-HoKim2011,
    title = {{A path planning algorithm using artificial potential field based on probability map}},
    year = {2011},
    booktitle = {2011 8th International Conference on Ubiquitous Robots and Ambient Intelligence (URAI)},
    author = {{Min-Ho Kim} and {Jung-Hun Heo} and {Yuanlong Wei} and {Min-Cheol Lee}},
    month = {11},
    pages = {41--43},
    publisher = {IEEE},
    url = {http://ieeexplore.ieee.org/document/6145929/},
    isbn = {978-1-4577-0723-0},
    doi = {10.1109/URAI.2011.6145929}
}

@inproceedings{Li2012,
    title = {{A potential function and artificial neural network for path planning in dynamic environments based on self-reconfigurable mobile robot system}},
    year = {2012},
    booktitle = {2012 IEEE International Symposium on Safety, Security, and Rescue Robotics (SSRR)},
    author = {Li, Bin and Chang, Jian and Wu, Chengdong},
    month = {11},
    pages = {1--6},
    publisher = {IEEE},
    url = {http://ieeexplore.ieee.org/document/6523900/},
    isbn = {978-1-4799-0165-4},
    doi = {10.1109/SSRR.2012.6523900}
}

@book{CarrerasPerez2004,
    title = {{A Proposal of a behavior-based control architecture with reinforcement learning for an autonomous underwater robot}},
    year = {2004},
    author = {Carreras Pérez, Marc. and Ridao Rodríguez, Pere. and Universitat de Girona. Departament d'Electrònica, Informàtica i Automàtica.},
    publisher = {Universitat de Girona},
    isbn = {8468852546}
}

@techreport{Shawe-Taylor,
    title = {{A review of optimization methodologies in support vector machines}},
    author = {Shawe-Taylor, John and Sun, Shiliang},
    url = {https://shiliangsun.github.io/pubs/ROMSVM.pdf},
    keywords = {Decision support systems, Duality, Optimization methodology, Pattern classification, Support vector machine (SVM)}
}

@incollection{HilmiIsmail2019,
    title = {{A Survey and Analysis of Cooperative Multi-Agent Robot Systems: Challenges and Directions}},
    year = {2019},
    booktitle = {Applications of Mobile Robots [Working Title]},
    author = {Hilmi Ismail, Zool and Sariff, Nohaidda},
    month = {2},
    publisher = {IntechOpen},
    doi = {10.5772/intechopen.79337}
}

@article{Tai2016,
    title = {{A Survey of Deep Network Solutions for Learning Control in Robotics: From Reinforcement to Imitation}},
    year = {2016},
    author = {Tai, Lei and Zhang, Jingwei and Liu, Ming and Boedecker, Joschka and Burgard, Wolfram},
    month = {12},
    url = {http://arxiv.org/abs/1612.07139},
    arxivId = {1612.07139}
}

@article{Env2018,
    title = {{A Survey on Obstacles Avoidance Mobile Robot in Static Unknown Environment}},
    year = {2018},
    journal = {International Journal of Computer (IJC)},
    author = {{Env}},
    number = {1},
    pages = {160--173},
    volume = {28},
    issn = {2307-4523},
    keywords = {Autonomous navigation., Mobile robot, Obstacle avoidance, Static environment}
}

@article{Matsuda2019,
    title = {{Accurate and Efficient Seafloor Observations With Multiple Autonomous Underwater Vehicles: Theory and Experiments in a Hydrothermal Vent Field}},
    year = {2019},
    journal = {IEEE Robotics and Automation Letters},
    author = {Matsuda, Takumi and Maki, Toshihiro and Sakamaki, Takashi},
    number = {3},
    month = {7},
    pages = {2333--2339},
    volume = {4},
    url = {https://ieeexplore.ieee.org/document/8657727/},
    doi = {10.1109/LRA.2019.2902744},
    issn = {2377-3766}
}

@book{Nagy2013,
    title = {{Active Team Management Strategies for Multi-robot Teams in Dangerous Environments}},
    year = {2013},
    booktitle = {Advances in Artificial Intelligence},
    author = {Nagy, Geoff and Anderson, John},
    month = {6},
    publisher = {WORLD SCIENTIFIC},
    doi = {10.1142/1305}
}

@book{Scholkopf1999,
    title = {{Advances in kernel methods : support vector learning}},
    year = {1999},
    booktitle = {Advances in kernel methods},
    author = {Schölkopf, Bernhard. and Burges, Christopher J. C. and Smola, Alexander J.},
    pages = {376},
    publisher = {MIT Press},
    url = {https://dl.acm.org/citation.cfm?id=299106},
    isbn = {0262194163}
}

@techreport{Gilonis2014,
    title = {{Aeronautics {\&} Astronautics Third Year Individual Project IP Number: 960 IP Title: Low-complexity controller design for an unmanned helicopter}},
    year = {2014},
    author = {Gilonis, Samuel and Shu, Zhan}
}

@inproceedings{McFadyen2013,
    title = {{Aircraft collision avoidance using spherical visual predictive control and single point features}},
    year = {2013},
    booktitle = {IEEE International Conference on Intelligent Robots and Systems},
    author = {McFadyen, Aaron and Mejias, Luis and Corke, Peter and Pradalier, Cedric},
    pages = {50--56},
    isbn = {9781467363587},
    doi = {10.1109/IROS.2013.6696331},
    issn = {21530858}
}

@techreport{Ray2010,
    title = {{An Extension of Bayesian Game Approximation to Partially Observable Stochastic Games with Competition and Cooperation. Theoretical and Computational Models of the Human Mind and Brain View project An Extension of Bayesian Game Approximation to Partially O}},
    year = {2010},
    author = {Ray, Laura E and Kralik, Jerald D and Shi, Dongqing and Sauter, Michael Z and Sun, Xueqing},
    url = {https://www.researchgate.net/publication/220835260}
}

@inproceedings{Gao2018,
    title = {{An improved hybrid group intelligent algorithm based on artificial bee colony and particle swarm optimization}},
    year = {2018},
    booktitle = {Proceedings - 2018 International Conference on Virtual Reality and Intelligent Systems, ICVRIS 2018},
    author = {Gao, Yuxi},
    month = {11},
    pages = {160--163},
    publisher = {Institute of Electrical and Electronics Engineers Inc.},
    isbn = {9781538680315},
    doi = {10.1109/ICVRIS.2018.00046},
    keywords = {Artificial Bee Colony, Hybrid algorithm, Particle Swarm Optimization, Swarm Intelligence}
}

@article{H.Sawalmeh2018,
    title = {{An Overview of Collision Avoidance Approaches and Network Architecture of Unmanned Aerial Vehicles (UAVs)}},
    year = {2018},
    journal = {International Journal of Engineering {\&} Technology},
    author = {H. Sawalmeh, Ahmad and Shamsiah Othman, Noor},
    number = {4.35},
    month = {11},
    pages = {924},
    volume = {7},
    publisher = {Science Publishing Corporation},
    doi = {10.14419/ijet.v7i4.35.27395}
}

@inproceedings{Qiao2008,
    title = {{Application of reinforcement learning based on neural network to dynamic obstacle avoidance}},
    year = {2008},
    booktitle = {Proceedings of the 2008 IEEE International Conference on Information and Automation, ICIA 2008},
    author = {Qiao, Junfei and Hou, Zhanjun and Ruan, Xiaogang},
    pages = {784--788},
    isbn = {9781424421848},
    doi = {10.1109/ICINFA.2008.4608104}
}

@techreport{Emery-Montemerlo,
    title = {{Approximate Solutions For Partially Observable Stochastic Games with Common Payoffs}},
    author = {Emery-Montemerlo, Rosemary and Gordon, Geoff and Schneider, Jeff and Thrun, Sebastian}
}

@inproceedings{Mac2016a,
    title = {{AR.Drone UAV control parameters tuning based on particle swarm optimization algorithm}},
    year = {2016},
    booktitle = {2016 IEEE International Conference on Automation, Quality and Testing, Robotics (AQTR)},
    author = {Mac, Thi Thoa and Copot, Cosmin and Duc, Trung Tran and De Keyser, Robin},
    month = {5},
    pages = {1--6},
    publisher = {IEEE},
    url = {http://ieeexplore.ieee.org/document/7501380/},
    isbn = {978-1-4673-8692-0},
    doi = {10.1109/AQTR.2016.7501380}
}

@inproceedings{Mac2016,
    title = {{AR.Drone UAV control parameters tuning based on particle swarm optimization algorithm}},
    year = {2016},
    booktitle = {2016 20th IEEE International Conference on Automation, Quality and Testing, Robotics, AQTR 2016 - Proceedings},
    author = {Mac, Thi Thoa and Copot, Cosmin and Duc, Trung Tran and De Keyser, Robin},
    month = {6},
    publisher = {Institute of Electrical and Electronics Engineers Inc.},
    isbn = {9781467386906},
    doi = {10.1109/AQTR.2016.7501380}
}

@article{RobotAI,
    title = {{Artificial Intelligence and Robotics}},
    author = {{RobotAI}}
}

@inproceedings{Baklouti2015,
    title = {{Autonomous mobile robot navigation coupling fuzzy logic and reactive DVZ 3D obstacle avoidance control}},
    year = {2015},
    booktitle = {INISTA 2015 - 2015 International Symposium on Innovations in Intelligent SysTems and Applications, Proceedings},
    author = {Baklouti, Emna and Jallouli, Mohamed and Ben Amor, Nader and Titi, Sondes and Nafti, Ahlem},
    month = {9},
    publisher = {Institute of Electrical and Electronics Engineers Inc.},
    isbn = {9781467390965},
    doi = {10.1109/INISTA.2015.7276748},
    keywords = {3D obstacle, Autonomous robot, DVZ, FLC, Obstacle avoidance, Reactive control}
}

@book{Barber2012,
    title = {{Bayesian Reasoning and Machine Learning}},
    year = {2012},
    author = {Barber, D},
    publisher = {Cambridge University Press}
}

@article{Sharma2012,
    title = {{Bayesian-game-based fuzzy reinforcement learning control for decentralized POMDPs}},
    year = {2012},
    journal = {IEEE Transactions on Computational Intelligence and AI in Games},
    author = {Sharma, Rajneesh and Spaan, Matthijs T.J.},
    number = {4},
    pages = {309--328},
    volume = {4},
    doi = {10.1109/TCIAIG.2012.2212279},
    issn = {1943068X},
    keywords = {Bayesian games (BGs), decentralized partially observable Markov decision, fuzzy systems, reinforcement learning (RL)}
}

@incollection{Mataric2008,
    title = {{Behavior-Based Systems}},
    year = {2008},
    booktitle = {Springer Handbook of Robotics},
    author = {Matari{\'{c}}, Maja J. and Michaud, François},
    pages = {891--909},
    publisher = {Springer Berlin Heidelberg},
    url = {http://link.springer.com/10.1007/978-3-540-30301-5_39},
    address = {Berlin, Heidelberg},
    doi = {10.1007/978-3-540-30301-5{\_}39}
}

@misc{Coumans,
    title = {{Bullet Real-Time Physics Simulation | Home of Bullet and PyBullet: physics simulation for games, visual effects, robotics and reinforcement learning.}},
    author = {Coumans, Erwin},
    url = {https://pybullet.org/wordpress/}
}

@techreport{Vitelli,
    title = {{CARMA: A Deep Reinforcement Learning Approach to Autonomous Driving}},
    author = {Vitelli, Matt and Nayebi, Aran}
}

@article{Sedaghat-Pisheh2017,
    title = {{Collision avoidance algorithms for unmanned aerial vehicles using computer vision}},
    year = {2017},
    journal = {Journal of Computing Sciences in Colleges},
    author = {Sedaghat-Pisheh, Hani and Rivera, Amaury and Biaz, Saad and Chapman, Richard},
    number = {2},
    pages = {191--197},
    volume = {33},
    issn = {1937-4771}
}

@inproceedings{Sethi2017,
    title = {{Comparative analysis of a recommender system based on ant colony optimization and artificial bee colony optimization algorithms}},
    year = {2017},
    booktitle = {8th International Conference on Computing, Communications and Networking Technologies, ICCCNT 2017},
    author = {Sethi, Deepshikha and Singhal, Abhishek},
    month = {12},
    publisher = {Institute of Electrical and Electronics Engineers Inc.},
    isbn = {9781509030385},
    doi = {10.1109/ICCCNT.2017.8204106},
    keywords = {Ant Colony Optimization, Artificial Bee Colony Optimization, CPU Time, Collaborative Filtering, Standard Functions}
}

@book{Prince2012a,
    title = {{Computer Vision:  Models, Learning, and Inference}},
    year = {2012},
    author = {Prince, Simon J.D.},
    publisher = {Cambridge University Press}
}

@book{Prince2012,
    title = {{Computer Vision:  Models, Learning, and Inference}},
    year = {2012},
    author = {Prince, S.J.D.},
    publisher = {Cambridge University Press}
}

@misc{Rizk2018,
    title = {{Decision Making in Multiagent Systems: A Survey}},
    year = {2018},
    booktitle = {IEEE Transactions on Cognitive and Developmental Systems},
    author = {Rizk, Yara and Awad, Mariette and Tunstel, Edward W.},
    number = {3},
    month = {9},
    pages = {514--529},
    volume = {10},
    publisher = {Institute of Electrical and Electronics Engineers Inc.},
    doi = {10.1109/TCDS.2018.2840971},
    issn = {23798939},
    keywords = {Cooperation, Markov decision process (MDP), decision making models, game theory, multiagent systems (MASs), swarm intelligence}
}

@book{IanGoodfellowandYoshuaBengioandAaronCourville2016,
    title = {{Deep Learning}},
    year = {2016},
    author = {{Ian Goodfellow and Yoshua Bengio and Aaron Courville}},
    publisher = {MIT Press},
    url = {http://www.deeplearningbook.org}
}

@misc{Lecun2015,
    title = {{Deep learning}},
    year = {2015},
    booktitle = {Nature},
    author = {Lecun, Yann and Bengio, Yoshua and Hinton, Geoffrey},
    number = {7553},
    month = {5},
    pages = {436--444},
    volume = {521},
    publisher = {Nature Publishing Group},
    doi = {10.1038/nature14539},
    issn = {14764687}
}

@article{Kim2015,
    title = {{Deep Neural Network for Real-Time Autonomous Indoor Navigation}},
    year = {2015},
    author = {Kim, Dong Ki and Chen, Tsuhan},
    month = {11},
    url = {http://arxiv.org/abs/1511.04668},
    arxivId = {1511.04668}
}

@article{Wang2018,
    title = {{Deep Reinforcement Learning for Autonomous Driving}},
    year = {2018},
    author = {Wang, Sen and Jia, Daoyuan and Weng, Xinshuo},
    month = {11},
    url = {http://arxiv.org/abs/1811.11329},
    arxivId = {1811.11329}
}

@inproceedings{Adhvaryu2017,
    title = {{Design of fuzzy based intelligent controller for autonomous mobile robot navigation}},
    year = {2017},
    booktitle = {2017 International Conference on Advances in Computing, Communications and Informatics, ICACCI 2017},
    author = {Adhvaryu, Aniket D. and Adarsh, S. and Ramchandran, K. I.},
    month = {11},
    pages = {841--846},
    volume = {2017-Janua},
    publisher = {Institute of Electrical and Electronics Engineers Inc.},
    isbn = {9781509063673},
    doi = {10.1109/ICACCI.2017.8125946},
    keywords = {Autonomous mobile robot, Data fusion, Fuzzy inference system, LiDAR, Obstacle avoidance, Ultrasonic}
}

@inproceedings{Molinos2014,
    title = {{Dynamic obstacle avoidance based on curvature arcs}},
    year = {2014},
    booktitle = {2014 IEEE/SICE International Symposium on System Integration, SII 2014},
    author = {Molinos, Eduardo and Llamazares, Angel and Ocana, Manuel and Herranz, Fernando},
    month = {1},
    pages = {186--191},
    publisher = {Institute of Electrical and Electronics Engineers Inc.},
    isbn = {9781479969449},
    doi = {10.1109/SII.2014.7028035}
}

@article{Lei2018,
    title = {{Dynamic Path Planning of Unknown Environment Based on Deep Reinforcement Learning}},
    year = {2018},
    journal = {Journal of Robotics},
    author = {Lei, Xiaoyun and Zhang, Zhian and Dong, Peifang},
    month = {9},
    pages = {1--10},
    volume = {2018},
    url = {https://www.hindawi.com/journals/jr/2018/5781591/},
    doi = {10.1155/2018/5781591},
    issn = {1687-9600}
}

@inproceedings{Gunn2013,
    title = {{Effective task allocation for evolving multi-robot teams in dangerous environments}},
    year = {2013},
    booktitle = {Proceedings - 2013 IEEE/WIC/ACM International Conference on Intelligent Agent Technology, IAT 2013},
    author = {Gunn, Tyler and Anderson, John},
    pages = {231--238},
    volume = {2},
    publisher = {IEEE Computer Society},
    isbn = {9781479929023},
    doi = {10.1109/WI-IAT.2013.114},
    keywords = {Heterogeneity, Multi-robot systems, Roles, Task allocation, Team management, USAR}
}

@article{Minsky2014,
    title = {{Evolutionary artificial neural networks}},
    year = {2014},
    journal = {Adaptation, Learning, and Optimization},
    author = {Minsky, Marvin},
    pages = {187--230},
    volume = {15},
    publisher = {Springer Verlag},
    doi = {10.1007/978-3-642-37846-1{\_}7},
    issn = {18674542}
}

@article{Lin2019,
    title = {{Fast 3D Collision Avoidance Algorithm for Fixed Wing UAS}},
    year = {2019},
    journal = {Journal of Intelligent and Robotic Systems: Theory and Applications},
    author = {Lin, Zijie and Castano, Lina and Mortimer, Edward and Xu, Huan},
    publisher = {Springer Netherlands},
    doi = {10.1007/s10846-019-01037-7},
    issn = {15730409},
    keywords = {Air vehicle obstacle avoidance, Avoidance efficiency, Fast obstacle avoidance, Optimal avoidance starting time}
}

@article{Lyu2016,
    title = {{Feature article: Vision-based UAV collision avoidance with 2D dynamic safety envelope}},
    year = {2016},
    journal = {IEEE Aerospace and Electronic Systems Magazine},
    author = {Lyu, Yang and Pan, Quan and Zhao, Chunhui and Zhang, Yizhai and Hu, Jinwen},
    number = {7},
    month = {7},
    pages = {16--26},
    volume = {31},
    publisher = {Institute of Electrical and Electronics Engineers Inc.},
    doi = {10.1109/MAES.2016.150155},
    issn = {08858985}
}

@techreport{Mueller-Wodarg2018,
    title = {{Fluid Dynamics Third year Physics core course}},
    year = {2018},
    author = {Mueller-Wodarg, Ingo}
}

@article{Faisal2013,
    title = {{Fuzzy logic navigation and obstacle avoidance by a mobile robot in an unknown dynamic environment}},
    year = {2013},
    journal = {International Journal of Advanced Robotic Systems},
    author = {Faisal, Mohammed and Hedjar, Ramdane and Al Sulaiman, Mansour and Al-Mutib, Khalid},
    month = {1},
    volume = {10},
    doi = {10.5772/54427},
    issn = {17298806},
    keywords = {Fuzzy logic control, Navigation and obstacles, Wheeled mobile robot, Wireless communication}
}

@article{Zadeh1965,
    title = {{Fuzzy sets}},
    year = {1965},
    journal = {Information and Control},
    author = {Zadeh, L.A.},
    number = {3},
    month = {6},
    pages = {338--353},
    volume = {8},
    publisher = {Academic Press},
    url = {https://www.sciencedirect.com/science/article/pii/S001999586590241X},
    doi = {10.1016/S0019-9958(65)90241-X},
    issn = {0019-9958}
}

@techreport{Meng,
    title = {{Game-Theory based Multi-Robot Searching Approach}},
    author = {Meng, Yan and Cao, Ke},
    url = {https://www.researchgate.net/publication/237226958}
}

@article{Chakravarthy2012,
    title = {{Generalization of the collision cone approach for motion safety in 3-D environments}},
    year = {2012},
    journal = {Autonomous Robots},
    author = {Chakravarthy, Animesh and Ghose, Debasish},
    number = {3},
    month = {4},
    pages = {243--266},
    volume = {32},
    doi = {10.1007/s10514-011-9270-z},
    issn = {09295593},
    keywords = {Collision cone, Dynamic environments, Obstacle avoidance, Path planning, Quadric surfaces}
}

@article{Weisstein,
    title = {{Green's Theorem}},
    author = {Weisstein, Eric W.},
    publisher = {Wolfram Research, Inc.},
    url = {http://mathworld.wolfram.com/GreensTheorem.html},
    keywords = {15, 15A72, 26B, Mathematics:Algebra:Vector Algebra, Mathematics:Calculus and Analysis:Calculus:Multiva}
}

@article{LAOUICI2014,
    title = {{Hybrid Method for the Navigation of Mobile Robot Using Fuzzy Logic and Spiking Neural Networks}},
    year = {2014},
    journal = {International Journal of Intelligent Systems and Applications},
    author = {LAOUICI, Zineb and MAMI, Mohammed Amine and KHELFI, Mohamed Fayçal},
    number = {12},
    month = {11},
    pages = {1--9},
    volume = {6},
    publisher = {MECS Publisher},
    doi = {10.5815/ijisa.2014.12.01},
    issn = {2074904X}
}

@techreport{Jeurgens2017,
    title = {{Identification and Control Implementation of an AR.Drone 2.0}},
    year = {2017},
    author = {Jeurgens, N L M}
}

@misc{Beauregard,
    title = {{Improving the Beginner’s PID – Introduction « Project Blog}},
    author = {Beauregard, Brett},
    url = {http://brettbeauregard.com/blog/2011/04/improving-the-beginners-pid-introduction/?fbclid=IwAR0THEfOHcZrEy6XChFd-4apMfGsoOZ1KC1iLWEcK-LUvhERLpxJROuOiq8}
}

@inproceedings{Alsaab2014,
    title = {{Improving velocity obstacle approach for obstacle avoidance in indoor environments}},
    year = {2014},
    booktitle = {2014 UKACC International Conference on Control, CONTROL 2014 - Proceedings},
    author = {Alsaab, Ahmad and Bicker, Robert},
    month = {10},
    pages = {325--330},
    publisher = {Institute of Electrical and Electronics Engineers Inc.},
    isbn = {9781479950119},
    doi = {10.1109/CONTROL.2014.6915161},
    keywords = {Velocity obstacle, collision time, non-circular objects}
}

@article{DeSimone2015,
    title = {{Influence of Aerodynamics on Quadrotor Dynamics}},
    year = {2015},
    journal = {Recent Researches in Mechanical and Transportation Systems Influence},
    author = {DeSimone, Marco C. and Serena, Russo and Alessandro, Ruggiero},
    pages = {111--118},
    url = {http://www.wseas.us/e-library/conferences/2015/Salerno/ICTA/ICTA-16.pdf},
    isbn = {9781618043160},
    doi = {10.13140/RG.2.1.5099.3128},
    keywords = {Key-Words: UAV, PID Control, Quadcopter, Under-Actuated System}
}

@misc{Fridman2019,
    title = {{Intro to Deep Reinforcement Learning}},
    year = {2019},
    author = {Fridman, L},
    publisher = {MIT Press}
}

@misc{Cerarsouza2010,
    title = {{Kernel Functions for Machine Learning Applications – C{\'{e}}sar Souza}},
    year = {2010},
    author = {{Cerarsouza}},
    url = {http://crsouza.com/2010/03/17/kernel-functions-for-machine-learning-applications/}
}

@inproceedings{Ross2013,
    title = {{Learning monocular reactive UAV control in cluttered natural environments}},
    year = {2013},
    booktitle = {Proceedings - IEEE International Conference on Robotics and Automation},
    author = {Ross, Stephane and Melik-Barkhudarov, Narek and Shankar, Kumar Shaurya and Wendel, Andreas and Dey, Debadeepta and Bagnell, J. Andrew and Hebert, Martial},
    pages = {1765--1772},
    isbn = {9781467356411},
    doi = {10.1109/ICRA.2013.6630809},
    issn = {10504729}
}

@inproceedings{Kouris2018,
    title = {{Learning to Fly by MySelf: A Self-Supervised CNN-Based Approach for Autonomous Navigation}},
    year = {2018},
    booktitle = {2018 IEEE/RSJ International Conference on Intelligent Robots and Systems (IROS)},
    author = {Kouris, Alexandros and Bouganis, Christos-Savvas},
    month = {10},
    pages = {1--9},
    publisher = {IEEE},
    url = {https://ieeexplore.ieee.org/document/8594204/},
    isbn = {978-1-5386-8094-0},
    doi = {10.1109/IROS.2018.8594204}
}

@article{Lansdell2019,
    title = {{Learning to solve the credit assignment problem}},
    year = {2019},
    author = {Lansdell, Benjamin James and Prakash, Prashanth Ravi and Kording, Konrad Paul},
    month = {6},
    url = {http://arxiv.org/abs/1906.00889},
    arxivId = {1906.00889}
}

@techreport{MouraPires,
    title = {{Lecture Notes in Artificial Intelligence 2902 Subseries of Lecture Notes in Computer Science}},
    author = {Moura Pires, Fernando and Abreu, Salvador},
    pages = {24--28}
}

@article{Clerc2005,
    title = {{Library design using genetic algorithms for catalyst discovery and optimization}},
    year = {2005},
    journal = {Review of Scientific Instruments},
    author = {Clerc, Frederic and Lengliz, Mourad and Farrusseng, David and Mirodatos, Claude and Pereira, Sílvia R. M. and Rakotomalala, Ricco},
    number = {6},
    month = {6},
    pages = {062208},
    volume = {76},
    url = {http://aip.scitation.org/doi/10.1063/1.1906086},
    doi = {10.1063/1.1906086},
    issn = {0034-6748}
}

@misc{GAVIN,
    title = {{LIDAR-Lite 3 Laser Rangefinder - RobotShop}},
    author = {{GAVIN}},
    url = {https://www.robotshop.com/uk/lidar-lite-3-laser-rangefinder.html}
}

@article{Vaughan2008,
    title = {{Massively multi-robot simulation in stage}},
    year = {2008},
    journal = {Swarm Intell},
    author = {Vaughan, Richard},
    pages = {189--208},
    volume = {2},
    url = {http://dx.doi.org/10.1007/s11721-008-0014-4},
    doi = {10.1007/s11721-008-0014-4},
    keywords = {Multi-robot {\textperiodcentered}, Player/stage, Simulation {\textperiodcentered}, Stage {\textperiodcentered}, Swarm {\textperiodcentered}}
}

@article{Singla2018,
    title = {{Memory-based Deep Reinforcement Learning for Obstacle Avoidance in UAV with Limited Environment Knowledge}},
    year = {2018},
    author = {Singla, Abhik and Padakandla, Sindhu and Bhatnagar, Shalabh},
    month = {11},
    url = {http://arxiv.org/abs/1811.03307},
    arxivId = {1811.03307}
}

@incollection{Mitraa,
    title = {{Mesh Smoothing}},
    author = {Mitra, Niloy},
    url = {https://moodle-1819.ucl.ac.uk/pluginfile.php/370192/mod_resource/content/6/05_Smoothing.pdf}
}

@techreport{Mitra,
    title = {{Mesh Smoothing}},
    author = {Mitra, Niloy J}
}

@techreport{CheatSheet2019,
    title = {{ML Cheatsheet Documentation Team}},
    year = {2019},
    author = {{CheatSheet}},
    url = {https://buildmedia.readthedocs.org/media/pdf/ml-cheatsheet/latest/ml-cheatsheet.pdf}
}

@misc{LeCunn,
    title = {{MNIST handwritten digit database, Yann LeCun, Corinna Cortes and Chris Burges}},
    author = {{LeCunn}},
    url = {http://yann.lecun.com/exdb/mnist/}
}

@inproceedings{Purian2013,
    title = {{Mobile robots path planning using ant colony optimization and Fuzzy Logic algorithms in unknown dynamic environments}},
    year = {2013},
    booktitle = {CARE 2013 - 2013 IEEE International Conference on Control, Automation, Robotics and Embedded Systems, Proceedings},
    author = {Purian, Fatemeh Khosravi and Sadeghian, Ehsan},
    isbn = {9781467361538},
    doi = {10.1109/CARE.2013.6733718},
    keywords = {Ants colony algorithm, fuzzy logic, mobile robot, path planning, the dynamic environment}
}

@techreport{Pounds,
    title = {{Modelling and Control of a Quad-Rotor Robot}},
    author = {Pounds, Paul and Mahony, Robert and Corke, Peter},
    url = {https://pdfs.semanticscholar.org/4eb8/ee77b0fe804ad6df17f80ad4d9eca1791733.pdf}
}

@techreport{Fiorini,
    title = {{Motion Planning in Dynamic Environments using Velocity Obstacles}},
    author = {Fiorini, Paolo and Shiller, Zvi}
}

@techreport{Konak,
    title = {{Multi-Objective Optimization Using Genetic Algorithms: A Tutorial}},
    author = {Konak, Abdullah and Coit, David W and Smith, Alice E},
    url = {http://citeseerx.ist.psu.edu/viewdoc/download?doi=10.1.1.83.9986&rep=rep1&type=pdf}
}

@techreport{Schaffer,
    title = {{Multiple Objective Optimization with Vector Evaluated Genetic Algorithms. A Novel Approach to Event-driven Simulation of Spiking Neural Network View project 1) a diagnostic test for dementia based upon speech View project}},
    author = {Schaffer, J David},
    url = {https://www.researchgate.net/publication/220885605}
}

@techreport{Djugash,
    title = {{Neural Networks for Obstacle Avoidance}},
    author = {Djugash, Joseph and Hamner, Bradley}
}

@article{Chakravarthy1998,
    title = {{Obstacle avoidance in a dynamic environment: A collision cone approach}},
    year = {1998},
    journal = {IEEE Transactions on Systems, Man, and Cybernetics Part A:Systems and Humans.},
    author = {Chakravarthy, Animesh and Ghose, Debasish},
    number = {5},
    pages = {562--574},
    volume = {28},
    doi = {10.1109/3468.709600},
    issn = {10834427},
    keywords = {Collision cone, Dynamic environments, Obstacle avoidance, Path planning}
}

@inproceedings{Subramanian2012,
    title = {{Obstacle avoidance using multi-point potential field approach for an underactuated flat-fish type AUV in dynamic environment}},
    year = {2012},
    booktitle = {Communications in Computer and Information Science},
    author = {Subramanian, Saravanakumar and George, Thomas and Thondiyath, Asokan},
    pages = {20--27},
    volume = {330 CCIS},
    isbn = {9783642351969},
    doi = {10.1007/978-3-642-35197-6{\_}3},
    issn = {18650929},
    keywords = {AUV, dynamic model, obstacle avoidance, potential field, trajectory planning}
}

@article{Li2018,
    title = {{OIL: Observational Imitation Learning}},
    year = {2018},
    author = {Li, Guohao and M{\"{u}}ller, Matthias and Casser, Vincent and Smith, Neil and Michels, Dominik L. and Ghanem, Bernard},
    month = {3},
    url = {http://arxiv.org/abs/1803.01129},
    arxivId = {1803.01129}
}

@article{Alkafaween2017,
    title = {{On enhancing genetic algorithms using new crossovers}},
    year = {2017},
    journal = {International Journal of Computer Applications in Technology},
    author = {Alkafaween, Esra'a and Hassanat, Ahmad B.A.},
    number = {3},
    pages = {202},
    volume = {55},
    publisher = {Inderscience Publishers},
    doi = {10.1504/ijcat.2017.10005868},
    issn = {0952-8091}
}

@techreport{Le2011,
    title = {{On Optimization Methods for Deep Learning}},
    year = {2011},
    author = {Le, Quoc V. and Ngiam, Jiquan and Coates, Adam and Lahiri, Abhik and Prochnow, Bobby and Ng, Andrew Y.},
    institution = {Stanford University}
}

@misc{Gym,
    title = {{OpenAI Gym}},
    author = {{Gym}},
    url = {https://gym.openai.com/envs/CartPole-v0/}
}

@techreport{Inc,
    title = {{Parallax Continuous Rotation Servo ({\#}900-00008)}},
    author = {Inc, Parallax},
    url = {https://www.parallax.com/sites/default/files/downloads/900-00008-Continuous-Rotation-Servo-Documentation-v2.2.pdf},
    keywords = {BASIC Stamp, Propeller P8X32A, animatronics, bidirectional rotation, full rotation, motor, robot drive, robot motor, servomotor, wheeled robot}
}

@techreport{KumarMohanty2012,
    title = {{Path Generation and Obstacle Avoidance of an Autonomous Mobile Robot Using Intelligent Hybrid Controller}},
    year = {2012},
    booktitle = {LNCS},
    author = {Kumar Mohanty, Prases and Parhi, Dayal R},
    pages = {240--247},
    volume = {7677},
    keywords = {ANFIS, Mobile robot, navigation}
}

@article{Montiel2015,
    title = {{Path planning for mobile robots using Bacterial Potential Field for avoiding static and dynamic obstacles}},
    year = {2015},
    journal = {Expert Systems with Applications},
    author = {Montiel, Oscar and Orozco-Rosas, Ulises and Sep{\'{u}}lveda, Roberto},
    number = {12},
    month = {7},
    pages = {5177--5191},
    volume = {42},
    publisher = {Pergamon},
    url = {https://www.sciencedirect.com/science/article/pii/S0957417415001402},
    doi = {10.1016/J.ESWA.2015.02.033},
    issn = {0957-4174}
}

@techreport{Ahmed2015,
    title = {{Path Planning of Mobile Robot by using Modified Optimized Potential Field Method}},
    year = {2015},
    booktitle = {International Journal of Computer Applications},
    author = {Ahmed, Alaa A and Abdalla, Turki Y and Abed, Ali A},
    number = {4},
    pages = {975--8887},
    volume = {113},
    url = {https://pdfs.semanticscholar.org/8c7c/3c723514b338a09deb589da80c093d9dc116.pdf},
    keywords = {Artificial Potential Fields, PID Controller, Particle swarm optimization, Path Planning}
}

@article{Kuantama2017,
    title = {{PID and Fuzzy-PID Control Model for Quadcopter Attitude with Disturbance Parameter}},
    year = {2017},
    journal = {International Journal of Computers Communications {\&} Control},
    author = {Kuantama, Endrowednes and Vesselenyi, Tiberiu and Dzitac, Simona and Tarca, Radu},
    number = {4},
    month = {6},
    pages = {519},
    volume = {12},
    url = {http://www.univagora.ro/jour/index.php/ijccc/article/view/2962},
    doi = {10.15837/ijccc.2017.4.2962},
    issn = {1841-9836}
}

@inproceedings{Amato2015,
    title = {{Planning for decentralized control of multiple robots under uncertainty}},
    year = {2015},
    booktitle = {2015 IEEE International Conference on Robotics and Automation (ICRA)},
    author = {Amato, Christopher and Konidaris, George and Cruz, Gabriel and Maynor, Christopher A. and How, Jonathan P. and Kaelbling, Leslie P.},
    month = {5},
    pages = {1241--1248},
    publisher = {IEEE},
    url = {http://ieeexplore.ieee.org/document/7139350/},
    isbn = {978-1-4799-6923-4},
    doi = {10.1109/ICRA.2015.7139350}
}

@techreport{Mnih,
    title = {{Playing Atari with Deep Reinforcement Learning}},
    author = {Mnih, Volodymyr and Kavukcuoglu, Koray and Silver, David and Graves, Alex and Antonoglou, Ioannis and Wierstra, Daan and Riedmiller, Martin},
    url = {https://www.cs.toronto.edu/~vmnih/docs/dqn.pdf}
}

@techreport{Koren1991,
    title = {{Potential Field Methods and Their Inherent Limitations for Mobile Robot Navigation}},
    year = {1991},
    author = {Koren, Yoram and Borenstein, Johann},
    url = {https://pdfs.semanticscholar.org/0a52/3bebee3652d2d293c215be24ad643274a319.pdf}
}

@techreport{Gibiansky,
    title = {{Quadcopter Dynamics, Simulation, and Control}},
    author = {Gibiansky, Andrew}
}

@techreport{Sabatino2015,
    title = {{Quadrotor control: modeling, nonlinear control design, and simulation}},
    year = {2015},
    author = {Sabatino, Francesco},
    url = {https://www.kth.se/polopoly_fs/1.588039!/Thesis KTH - Francesco Sabatino.pdf}
}

@techreport{Sabatino2015a,
    title = {{Quadrotor control: modeling, nonlinear control design, and simulation}},
    year = {2015},
    author = {Sabatino, Francesco},
    url = {https://www.kth.se/polopoly_fs/1.588039.1550155544!/Thesis KTH - Francesco Sabatino.pdf}
}

@techreport{Sabatino2015b,
    title = {{Quadrotor control: modeling, nonlinear control design, and simulation}},
    year = {2015},
    author = {Sabatino, Francesco}
}

@inproceedings{Cacitti,
    title = {{Reactive behaviours of mobile manipulators based on the DVZ approach}},
    booktitle = {Proceedings 2001 ICRA. IEEE International Conference on Robotics and Automation (Cat. No.01CH37164)},
    author = {Cacitti, A. and Zapata, R.},
    pages = {680--685},
    volume = {1},
    publisher = {IEEE},
    url = {http://ieeexplore.ieee.org/document/932629/},
    isbn = {0-7803-6576-3},
    doi = {10.1109/ROBOT.2001.932629}
}

@inproceedings{Eraqi2016,
    title = {{Reactive collision avoidance using evolutionary neural networks}},
    year = {2016},
    booktitle = {IJCCI 2016 - Proceedings of the 8th International Joint Conference on Computational Intelligence},
    author = {Eraqi, Hesham M. and Eldin, Youssef Emad and Moustafa, Mohamed N.},
    pages = {251--257},
    volume = {1},
    publisher = {SciTePress},
    isbn = {9789897582011},
    keywords = {Collision avoidance, Evolutionary neural networks, Genetic algorithm, Lane keeping}
}

@techreport{Khatib,
    title = {{Real-Time Obstacle Avoidance for Manipulators and Mobile Robots}},
    author = {Khatib, Oussama},
    url = {https://journals.sagepub.com/doi/pdf/10.1177/027836498600500106}
}

@incollection{Du2014,
    title = {{Recurrent Neural Networks}},
    year = {2014},
    booktitle = {Neural Networks and Statistical Learning},
    author = {Du, Ke-Lin and Swamy, M. N. S.},
    pages = {337--353},
    publisher = {Springer London},
    url = {http://link.springer.com/10.1007/978-1-4471-5571-3_11},
    address = {London},
    doi = {10.1007/978-1-4471-5571-3{\_}11}
}

@inproceedings{Huang2005,
    title = {{Reinforcement learning neural network to the problem of autonomous mobile robot obstacle avoidance}},
    year = {2005},
    booktitle = {2005 International Conference on Machine Learning and Cybernetics, ICMLC 2005},
    author = {Huang, Bing Qiang and Cao, Guang Yi and Guo, Min},
    pages = {85--89},
    isbn = {078039092X},
    keywords = {Obstacle avoidance, Reinforcement learning, Reinforcement learning neural network}
}

@book{Sutton2018,
    title = {{Reinforcement Learning: An Introduction}},
    year = {2018},
    author = {Sutton, R and Barto, A},
    publisher = {MIT Press},
    url = {http://incompleteideas.net/book/the-book-2nd.html}
}

@incollection{Cherkassky2002,
    title = {{Selection of Meta-parameters for Support Vector Regression}},
    year = {2002},
    author = {Cherkassky, Vladimir and Ma, Yunqian},
    pages = {687--693},
    url = {http://link.springer.com/10.1007/3-540-46084-5_112},
    doi = {10.1007/3-540-46084-5{\_}112}
}

@techreport{Platt1998,
    title = {{Sequential Minimal Optimization: A Fast Algorithm for Training Support Vector Machines}},
    year = {1998},
    author = {Platt, John C},
    url = {https://pdfs.semanticscholar.org/59ee/e096b49d66f39891eb88a6c84cc89acba12d.pdf}
}

@inproceedings{Symington2014,
    title = {{Simulating quadrotor UAVs in outdoor scenarios}},
    year = {2014},
    booktitle = {2014 IEEE/RSJ International Conference on Intelligent Robots and Systems},
    author = {Symington, Andrew and De Nardi, Renzo and Julier, Simon and Hailes, Stephen},
    month = {9},
    pages = {3382--3388},
    publisher = {IEEE},
    url = {http://ieeexplore.ieee.org/document/6943033/},
    isbn = {978-1-4799-6934-0},
    doi = {10.1109/IROS.2014.6943033}
}

@inproceedings{Kim2016,
    title = {{Smooth Path Planning by Fusion of Artificial Potential Field Method and Collision Cone Approach}},
    year = {2016},
    booktitle = {MATEC Web of Conferences},
    author = {Kim, Yong Hwi and Son, Wan Sic and Park, Jin Bae and Yoon, Tae Sung},
    month = {9},
    volume = {75},
    publisher = {EDP Sciences},
    doi = {10.1051/matecconf/20167505004},
    issn = {2261236X}
}

@techreport{Fletcher2008,
    title = {{Support Vector Machines Explained}},
    year = {2008},
    author = {Fletcher, Tristan},
    url = {www.cs.ucl.ac.uk/staff/T.Fletcher/}
}

@misc{Dai2018,
    title = {{Task Allocation Without Communication Based on Incomplete Information Game Theory for Multi-robot Systems}},
    year = {2018},
    booktitle = {Journal of Intelligent and Robotic Systems: Theory and Applications},
    author = {Dai, Wei and Lu, Huimin and Xiao, Junhao and Zheng, Zhiqiang},
    month = {2},
    pages = {1--16},
    publisher = {Springer Netherlands},
    doi = {10.1007/s10846-018-0783-y},
    issn = {15730409},
    keywords = {Incomplete information game, Soccer robots, Task allocation, Without communication}
}

@article{Owen2005,
    title = {{The effects of linear and quadratic drag on falling spheres: An undergraduate laboratory}},
    year = {2005},
    journal = {European Journal of Physics},
    author = {Owen, Julia P. and Ryu, William S.},
    number = {6},
    month = {11},
    pages = {1085--1091},
    volume = {26},
    doi = {10.1088/0143-0807/26/6/016},
    issn = {01430807}
}

@article{Crane2017,
    title = {{The heat method for distance computation}},
    year = {2017},
    journal = {Communications of the ACM},
    author = {Crane, Keenan and Weischedel, Clarisse and Wardetzky, Max},
    number = {11},
    month = {10},
    pages = {90--99},
    volume = {60},
    url = {http://dl.acm.org/citation.cfm?doid=3154816.3131280},
    doi = {10.1145/3131280},
    issn = {00010782}
}

@techreport{Borenstein1991,
    title = {{THE VECTOR FIELD HISTOGRAM-FAST OBSTACLE AVOIDANCE FOR MOBILE ROBOTS}},
    year = {1991},
    booktitle = {IEEE Journal of Robotics and Automation},
    author = {Borenstein, by J and Koren, Y and Member, Senior},
    number = {3},
    pages = {278--288},
    volume = {7},
    url = {http://www-personal.umich.edu/~johannb/Papers/paper16.pdf}
}

@inproceedings{Couceiro2015,
    title = {{Towards a predictive model of an evolutionary swarm robotics algorithm}},
    year = {2015},
    booktitle = {2015 IEEE Congress on Evolutionary Computation (CEC)},
    author = {Couceiro, Micael S. and Rocha, R. P. and Martins, Fernando M. L.},
    month = {5},
    pages = {2090--2096},
    publisher = {IEEE},
    url = {http://ieeexplore.ieee.org/document/7257142/},
    isbn = {978-1-4799-7492-4},
    doi = {10.1109/CEC.2015.7257142}
}

@article{Solihin2011,
    title = {{Tuning of PID Controller Using Particle Swarm Optimization (PSO)}},
    year = {2011},
    journal = {International Journal on Advanced Science, Engineering and Information Technology},
    author = {Solihin, Mahmud Iwan and Tack, Lee Fook and Kean, Moey Leap},
    number = {4},
    pages = {458},
    volume = {1},
    url = {http://ijaseit.insightsociety.org/index.php?option=com_content&view=article&id=9&Itemid=1&article_id=93},
    doi = {10.18517/ijaseit.1.4.93},
    issn = {2460-6952}
}

@misc{DeepTut,
    title = {{Unsupervised Feature Learning and Deep Learning Tutorial}},
    author = {{DeepTut}},
    url = {http://ufldl.stanford.edu/tutorial/unsupervised/Autoencoders/}
}

@article{NoTitle,
    title = {{(No Title)}}
}

@misc{6.Documentation,
    title = {{6. Camera Hardware — Picamera 1.12 documentation}},
    url = {https://picamera.readthedocs.io/en/release-1.12/fov.html}
}

@techreport{Lomuscio2019ASystems,
    title = {{A Counter Abstraction Tech-nique for the Verification of Probabilistic Swarm Systems}},
    year = {2019},
    booktitle = {IFAAMAS},
    author = {Lomuscio, Alessio and Pirovano, Edoardo},
    volume = {9},
    url = {www.ifaamas.org}
}

@techreport{Hong2018ASystems,
    title = {{A Deep Policy Inference Q-Network for Multi-Agent Systems}},
    year = {2018},
    author = {Hong, Zhang-Wei and Su, Shih-Yang and Shann, Tzu-Yun and Chang, Yi-Hsiang and Lee, Chun-Yi},
    url = {www.ifaamas.org},
    keywords = {Deep Reinforcement Learning, Multi-agent Learning, Opponent Modeling}
}

@article{Dias2000ASystem,
    title = {{A Free Market Architecture for Distributed Control of a Multirobot System}},
    year = {2000},
    author = {Dias, M. Bernardine and Stentz, Anthony},
    month = {1},
    publisher = {Carnegie Mellon University},
    doi = {10.1184/R1/6550274.V1},
    keywords = {Robotics}
}

@incollection{Garapati2018AMissions,
    title = {{A game of drones: Game theoretic approaches for multi-robot task allocation in security missions}},
    year = {2018},
    booktitle = {Advances in Intelligent Systems and Computing},
    author = {Garapati, Kala and Rold{\'{a}}n, Juan Jesús and Garz{\'{o}}n, Mario and del Cerro, Jaime and Barrientos, Antonio},
    pages = {855--866},
    volume = {693},
    publisher = {Springer Verlag},
    doi = {10.1007/978-3-319-70833-1{\_}69},
    issn = {21945357},
    keywords = {Game theory, Multi-robot mission, Security, Swarm, Task allocation}
}

@techreport{Tomlin2000ASystems,
    title = {{A Game Theoretic Approach to Controller Design for Hybrid Systems}},
    year = {2000},
    author = {Tomlin, Claire J and Lygeros, John and Shankar Sastry, S},
    keywords = {Aircraft control, air-traffic control, automated high-ways, game theory, hybrid automata, optimal control}
}

@techreport{MylvaganamASystems,
    title = {{A Game Theoretic Approach to Distributed Control of Homogeneous Multi-Agent Systems}},
    author = {Mylvaganam, T}
}

@inproceedings{OBeirne2006AExploration,
    title = {{A market framework for collaborative robot exploration}},
    year = {2006},
    booktitle = {VDI Berichte},
    author = {O'Beirne, Declan and Schukat, Michael},
    number = {1956},
    pages = {305},
    issn = {00835560},
    keywords = {Collaborative, Exploration, Market}
}

@article{Lee2019A2017,
    title = {{A mission management system for complex aerial logistics by multiple unmanned aerial vehicles in MBZIRC 2017}},
    year = {2019},
    journal = {Journal of Field Robotics},
    author = {Lee, Jaehyun and Shim, David Hyunchul and Cho, Sungwook and Shin, Heemin and Jung, Sunggoo and Lee, Dasol and Kang, Jaemin},
    number = {5},
    month = {8},
    pages = {919--939},
    volume = {36},
    publisher = {John Wiley and Sons Inc.},
    doi = {10.1002/rob.21860},
    issn = {15564967},
    keywords = {MBZIRC, aerial robotics, cooperative robots, multiple UAVs}
}

@article{Chen2010ACollaboration,
    title = {{A Multi-Robots Task Allocation Algorithm Based on Relevance and Ability With Group Collaboration}},
    year = {2010},
    journal = {Article in International Journal of Intelligent Engineering and Systems},
    author = {Chen, Jian and Yang, Xiangguo and Hu, Yuxi and Han, Yanyan and Li, Deshi and Zhang, Guangmin},
    url = {https://www.researchgate.net/publication/267968475},
    doi = {10.22266/ijies2010.0630.05},
    keywords = {Group Collaboration, Mobile Agent, Multi-Robots, Task Allocation, ：Mobile Robots Team}
}

@article{SerdarGuzel2019AStrategy,
    title = {{A Novel Framework for Multi-Agent Systems Using a Decentralized Strategy}},
    year = {2019},
    journal = {Robotica},
    author = {Serdar G{\"{u}}zel, Mehmet and Ajabshir, Vahid Babaei},
    pages = {691--707},
    volume = {37},
    publisher = {C Cambridge University Press},
    url = {https://doi.org/10.1017/S0263574718001261},
    doi = {10.1017/S0263574718001261},
    keywords = {Decentralized architecture, Multi-agent systems, Pattern formation, Swarm intelligence, Vision for navigation}
}

@techreport{Hernandez-LealA,
    title = {{A Survey and Critique of Multiagent Deep Reinforcement Learning {\$}}},
    author = {Hernandez-Leal, Pablo and Kartal, Bilal and Taylor, Matthew E},
    isbn = {1810.05587v3},
    arxivId = {1810.05587v3}
}

@techreport{FaulknerActiveLearning,
    title = {{Active Attention-Modified Policy Shaping Socially Interactive Agents Track Human-robot interaction; reinforcement learning; active learning}},
    author = {Faulkner, Taylor Kessler and Gutierrez, Reymundo A and Short, Elaine Schaertl and Hoffman, Guy and Thomaz, Andrea L},
    url = {www.ifaamas.org},
    keywords = {Human-robot interaction, active learning, reinforcement learning}
}

@techreport{MeursAdvancesIntelligence,
    title = {{Advances in Artificial Intelligence}},
    author = {Meurs, Marie-Jean and Rudzicz, Frank and Goebel, Randy and Tanaka, Yuzuru and Wahlster, Wolfgang and Siekmann, Jörg},
    url = {http://www.springer.com/series/1244},
    doi = {10.1007/978-3-030-18305-9}
}

@inproceedings{Zhang2012AnTeams,
    title = {{An efficient stochastic clustering auction for heterogeneous robot teams}},
    year = {2012},
    booktitle = {2012 IEEE International Conference on Robotics and Automation},
    author = {Zhang, Kai and Collins, Emmanuel G. and Barbu, Adrian},
    month = {5},
    pages = {4806--4813},
    publisher = {IEEE},
    url = {http://ieeexplore.ieee.org/document/6224588/},
    isbn = {978-1-4673-1405-3},
    doi = {10.1109/ICRA.2012.6224588}
}

@article{Tuyls2006AnGames,
    title = {{An Evolutionary Dynamical Analysis of Multi-Agent Learning in Iterated Games}},
    year = {2006},
    journal = {Autonomous Agents and Multi-Agent Systems},
    author = {Tuyls, Karl and Jan ', Pieter and Hoen, T and Nl, Hoen@cwi and Vanschoenwinkel, Bram},
    pages = {115--153},
    volume = {12},
    doi = {10.1007/s10458-005-3783-9},
    keywords = {COllective INtelligence, Evolutionary Game Theory, iterated games, multi-agent systems, reinforcement learning}
}

@techreport{AnAlgorithms,
    title = {{An Idiot's guide to Support vector machines (SVMs) R. Berwick, Village Idiot SVMs: A New Generation of Learning Algorithms}},
    url = {http://web.mit.edu/6.034/wwwbob/svm-notes-long-08.pdf}
}

@article{Aras2010AnPOMDPs,
    title = {{An investigation into mathematical programming for finite horizon decentralized POMDPs}},
    year = {2010},
    journal = {Journal of Artificial Intelligence Research},
    author = {Aras, Raghav and Dutech, Alain},
    month = {1},
    pages = {329--396},
    volume = {37},
    doi = {10.1613/jair.2915},
    issn = {10769757}
}

@article{Marden2018AnnualControl,
    title = {{Annual Review of Control, Robotics, and Autonomous Systems Game Theory and Control}},
    year = {2018},
    author = {Marden, Jason R and Shamma, Jeff S},
    url = {https://doi.org/10.1146/annurev-control-060117-},
    doi = {10.1146/annurev-control-060117},
    keywords = {distributed control, game theory, learning in games, mechanism design, team games, zero-sum games}
}

@inproceedings{Gavran2017Antlab:Server,
    title = {{Antlab: A multi-robot task server}},
    year = {2017},
    booktitle = {ACM Transactions on Embedded Computing Systems},
    author = {Gavran, Ivan and Majumdar, Rupak and Saha, Indranil},
    doi = {10.1145/3126513},
    issn = {15583465},
    keywords = {Cyber-physical systems, Multi-robot systems, Planning, Programming abstractions for robotics}
}

@techreport{Track2018ApprenticeshipTask,
    title = {{Apprenticeship Bootstrapping: Inverse Reinforcement Learning in a Multi-Skill UAV-UGV Coordination Task}},
    year = {2018},
    author = {Track, Robotics and Nguyen, Hung The and Garratt, Matthew and Bui, Lam Thu and Abbass, Hussein and Lam, Thu and Bui, Hussein Abbass},
    url = {www.ifaamas.org},
    keywords = {Apprenticeship Learning, Deep Q-learning, Ground-Air Interaction, Inverse Reinforcement Learning, UAVs, UGVs}
}

@article{Gabbard2019ARResearch,
    title = {{AR DriveSim: An Immersive Driving Simulator for Augmented Reality Head-Up Display Research}},
    year = {2019},
    journal = {Frontiers in Robotics and AI},
    author = {Gabbard, Joseph L. and Smith, Missie and Tanous, Kyle and Kim, Hyungil and Jonas, Bryan},
    month = {10},
    volume = {6},
    url = {https://www.frontiersin.org/article/10.3389/frobt.2019.00098/full},
    doi = {10.3389/frobt.2019.00098},
    issn = {2296-9144}
}

@article{Virgili-Llop2019AttitudeShifting,
    title = {{Attitude stabilization of spacecraft in very low earth orbit by center-of-mass shifting}},
    year = {2019},
    journal = {Frontiers Robotics AI},
    author = {Virgili-Llop, Josep and Polat, Halis C. and Romano, Marcello},
    number = {FEB},
    volume = {6},
    publisher = {Frontiers Media S.A.},
    doi = {10.3389/frobt.2019.00007},
    issn = {22969144},
    keywords = {Aerodynamic disturbance, Attitude control, Attitude stabilization, CubeSat, Movable masses, Shifting masses, Spacecraft aerodynamics, Very Low Earth Orbit}
}

@article{Mylvaganam2017AutonomousApproach,
    title = {{Autonomous collision avoidance for wheeled mobile robots using a differential game approach}},
    year = {2017},
    journal = {European Journal of Control},
    author = {Mylvaganam, Thulasi and Sassano, Mario},
    pages = {53--61},
    volume = {40},
    url = {https://doi.org/10.1016/j.ejcon.2017.11.005},
    doi = {10.1016/j.ejcon.2017.11.005},
    keywords = {Collision avoidance, Differential games, Multi-agent systems, Nonlinear control systems}
}

@article{Pini2013AutonomousEstimation,
    title = {{Autonomous task partitioning in robot foraging: An approach based on cost estimation}},
    year = {2013},
    journal = {Adaptive Behavior},
    author = {Pini, Giovanni and Brutschy, Arne and Pinciroli, Carlo and Dorigo, Marco and Birattari, Mauro},
    doi = {10.1177/1059712313484771},
    issn = {10597123},
    keywords = {Task partitioning, foraging, self-organization, swarm intelligence, swarm robotics}
}

@techreport{ConitzerAWESOME:,
    title = {{AWESOME: A General Multiagent Learning Algorithm that Converges in Self-Play and Learns a Best Response Against Stationary Opponents *}},
    author = {Conitzer, Vincent and Sandholm, Tuomas}
}

@misc{BASE,
    title = {{BASE}},
    url = {https://base.xsens.com/hc/en-us/articles/115000224125-RMS-noise-of-accelerometers-and-gyroscopes}
}

@misc{BASEb,
    title = {{BASE}},
    url = {https://base.xsens.com/hc/en-us/articles/115000224125-RMS-noise-of-accelerometers-and-gyroscopes}
}

@misc{BASEc,
    title = {{BASE}},
    url = {https://base.xsens.com/hc/en-us/articles/115000224125-RMS-noise-of-accelerometers-and-gyroscopes}
}

@misc{BasicDownload,
    title = {{Basic variety of flat drones Vector | Free Download}},
    url = {https://www.freepik.com/free-vector/basic-variety-flat-drones_1348538.htm#page=1&query=drone&position=2}
}

@inproceedings{Ramachandran2007BayesianLearning,
    title = {{Bayesian inverse reinforcement learning}},
    year = {2007},
    booktitle = {IJCAI International Joint Conference on Artificial Intelligence},
    author = {Ramachandran, Deepak and Amir, Eyal},
    issn = {10450823}
}

@article{Katt2018BayesianPOMDPs,
    title = {{Bayesian Reinforcement Learning in Factored POMDPs}},
    year = {2018},
    journal = {IFAAMAS},
    author = {Katt, Sammie and Oliehoek, Frans and Amato, Christopher},
    volume = {9},
    url = {www.ifaamas.org http://arxiv.org/abs/1811.05612},
    arxivId = {1811.05612},
    keywords = {Bayes Networks, Bayesian reinforcement learning, Monte-Carlo Tree Search, Monte-Chain Monte-Carlo, POMDPs}
}

@misc{ClassificationUse,
    title = {{Classification Accuracy is Not Enough: More Performance Measures You Can Use}},
    url = {https://machinelearningmastery.com/classification-accuracy-is-not-enough-more-performance-measures-you-can-use/}
}

@article{Rosen2019CommunicatingDisplays,
    title = {{Communicating and controlling robot arm motion intent through mixed-reality head-mounted displays}},
    year = {2019},
    journal = {International Journal of Robotics Research},
    author = {Rosen, Eric and Whitney, David and Phillips, Elizabeth and Chien, Gary and Tompkin, James and Konidaris, George and Tellex, Stefanie},
    month = {10},
    publisher = {SAGE Publications Inc.},
    doi = {10.1177/0278364919842925},
    issn = {17413176},
    arxivId = {1708.03655},
    keywords = {Mixed reality, human–robot interaction, motion planning}
}

@article{Diaconis1993ComparisonChains,
    title = {{Comparison Theorems for Reversible Markov Chains}},
    year = {1993},
    journal = {The Annals of Applied Probability},
    author = {Diaconis, Persi and Saloff-Coste, Laurent},
    number = {3},
    pages = {696--730},
    volume = {3},
    url = {https://doi.org/10.1007/978-3-642-24106-2_23},
    doi = {10.1214/aoap/1177005359},
    issn = {1050-5164}
}

@article{Rong2019CompetitiveNetworks,
    title = {{Competitive Bridge Bidding with Deep Neural Networks}},
    year = {2019},
    journal = {IFAAMAS},
    author = {Rong, Jiang and Qin, Tao and An, Bo},
    volume = {9},
    url = {https://en.wikipedia.org/wiki/Standard_American http://arxiv.org/abs/1903.00900},
    arxivId = {1903.00900},
    keywords = {artificial intelligence, contract bridge, reinforcement learning}
}

@inproceedings{Kraemer2013ConcurrentUncertainty,
    title = {{Concurrent reinforcement learning as a rehearsal for decentralized planning under uncertainty}},
    year = {2013},
    booktitle = {12th International Conference on Autonomous Agents and Multiagent Systems 2013, AAMAS 2013},
    author = {Kraemer, Landon and Banerjee, Bikramjit},
    pages = {1291--1292},
    volume = {2},
    publisher = {International Foundation for Autonomous Agents and Multiagent Systems (IFAAMAS)},
    keywords = {Decentralized partially observable Markov decision processes, Multi-agent reinforcement learning}
}

@inproceedings{Jin2019Control-TheoreticLearning,
    title = {{Control-Theoretic Analysis of Smoothness for Stability-Certified Reinforcement Learning}},
    year = {2019},
    booktitle = {Proceedings of the IEEE Conference on Decision and Control},
    author = {Jin, Ming and Lavaei, Javad},
    month = {1},
    pages = {6840--6847},
    volume = {2018-December},
    publisher = {Institute of Electrical and Electronics Engineers Inc.},
    isbn = {9781538613955},
    doi = {10.1109/CDC.2018.8618996},
    issn = {07431546}
}

@book{2009ConvergenceSystems,
    title = {{Convergence and Knowledge Processing in Multi-Agent Systems}},
    year = {2009},
    booktitle = {Convergence and Knowledge Processing in Multi-Agent Systems},
    publisher = {Springer London},
    doi = {10.1007/978-1-84882-063-0}
}

@article{Torreno2017CooperativeSurvey,
    title = {{Cooperative multi-Agent planning: A survey}},
    year = {2017},
    journal = {ACM Computing Surveys},
    author = {Torreno, Alejandro and Onaindia, Eva and Komenda, Antoní N. and S Tolba, Michal},
    number = {6},
    month = {11},
    volume = {50},
    publisher = {Association for Computing Machinery},
    doi = {10.1145/3128584},
    issn = {15577341},
    keywords = {Distribution, Multi-Agent heuristic functions, Planning and coordination strategies, Privacy preservation}
}

@inproceedings{Yagan2007CoordinatedControl,
    title = {{Coordinated reinforcement learning for decentralized optimal control}},
    year = {2007},
    booktitle = {Proceedings of the 2007 IEEE Symposium on Approximate Dynamic Programming and Reinforcement Learning, ADPRL 2007},
    author = {Yagan, Daniel and Tham, Chen Khong},
    pages = {296--302},
    isbn = {1424407060},
    doi = {10.1109/ADPRL.2007.368202}
}

@techreport{CS229Algorithm,
    title = {{CS229 Simplified SMO Algorithm}},
    url = {http://research.microsoft.com/}
}

@techreport{MertikopoulosCYCLESLEARNING,
    title = {{CYCLES IN ADVERSARIAL REGULARIZED LEARNING}},
    author = {Mertikopoulos, Panayotis and Papadimitriou, Christos and Piliouras, Georgios},
    arxivId = {1709.02738v1}
}

@article{Ayanian2019DART:Teams,
    title = {{DART: Diversity-enhanced Autonomy in Robot Teams}},
    year = {2019},
    journal = {International Journal of Robotics Research},
    author = {Ayanian, Nora},
    month = {10},
    publisher = {SAGE Publications Inc.},
    doi = {10.1177/0278364919839137},
    issn = {17413176},
    keywords = {Multi-robot systems, multi-agent systems}
}

@misc{DataKaggle,
    title = {{Data Science for Good: Kiva Crowdfunding | Kaggle}},
    url = {https://www.kaggle.com/kiva/data-science-for-good-kiva-crowdfunding}
}

@inproceedings{Sirigineedi2010DecentralisedApproach,
    title = {{Decentralised cooperative aerial surveillance for harbour security: A formal verification approach}},
    year = {2010},
    booktitle = {2010 IEEE Globecom Workshops, GC'10},
    author = {Sirigineedi, Gopinadh and Tsourdos, Antonios and White, Brian A. and Silson, Peter},
    pages = {1831--1835},
    isbn = {9781424488650},
    doi = {10.1109/GLOCOMW.2010.5700258}
}

@article{Omidshafiei2017DecentralizedMacro-actions,
    title = {{Decentralized control of multi-robot partially observable Markov decision processes using belief space macro-actions}},
    year = {2017},
    journal = {The International Journal of Robotics Research},
    author = {Omidshafiei, Shayegan and Agha-Mohammadi, Ali-Akbar and Amato, Christopher and Liu, Shih-Yuan and How, Jonathan P and Vian, John},
    number = {2},
    pages = {231--258},
    volume = {36},
    doi = {10.1177/0278364917692864}
}

@article{Arbanas2018DecentralizedTeams,
    title = {{Decentralized planning and control for UAV-UGV cooperative teams}},
    year = {2018},
    journal = {Autonomous Robots},
    author = {Arbanas, Barbara and Ivanovic, Antun and Car, Marko and Orsag, Matko and Petrovic, Tamara and Bogdan, Stjepan},
    pages = {1601--1618},
    volume = {42},
    url = {https://doi.org/10.1007/s10514-018-9712-y},
    doi = {10.1007/s10514-018-9712-y},
    keywords = {Aerial manipulation, Decentralized planning, Heterogeneous robotics systems, Unmanned aerial system}
}

@inproceedings{Spaan2006DecentralizedAgents,
    title = {{Decentralized planning under uncertainty for teams of communicating agents}},
    year = {2006},
    booktitle = {Proceedings of the International Conference on Autonomous Agents},
    author = {Spaan, Matthijs T.J. and Gordon, Geoffrey J. and Vlassis, Nikos},
    pages = {249--256},
    volume = {2006},
    isbn = {1595933034},
    doi = {10.1145/1160633.1160678},
    keywords = {Artificial intelligence, Cooperative multiagent systems, Decentralized POMDPs, Planning under uncertainty}
}

@techreport{OliehoekDecentralizedPOMDPs,
    title = {{Decentralized POMDPs}},
    author = {Oliehoek, Frans A}
}

@techreport{Amato2017Decision-MakingLearning,
    title = {{Decision-Making Under Uncertainty in Multi-Agent and Multi-Robot Systems: Planning and Learning}},
    year = {2017},
    author = {Amato, Christopher},
    url = {https://youtu.be/34xHxXrnPHw,},
    keywords = {Agent-based and Multi-agent Systems: Multi-agent Learning, Agent-based and Multi-agent Systems: Multi-agent Planning, Machine Learning: Reinforcement Learning, Robotics: Multi-Robot Systems}
}

@techreport{Foerster2018DeepLearning,
    title = {{Deep Multi-Agent Reinforcement Learning}},
    year = {2018},
    author = {Foerster, Jakob N}
}

@article{Abukhalil2016DeploymentRobots,
    title = {{Deployment environment for a swarm of heterogeneous robots}},
    year = {2016},
    journal = {Robotics},
    author = {Abukhalil, Tamer and Patil, Madhav and Patel, Sarosh and Sobh, Tarek},
    doi = {10.3390/robotics5040022},
    issn = {22186581},
    keywords = {Dynamic robotic coordination, Heterogeneous swarm agents, Reconfigurable robotic agents, Robotics interactive software, Robots deployment environment}
}

@techreport{Letcher2019DifferentiableMechanics,
    title = {{Differentiable Game Mechanics}},
    year = {2019},
    booktitle = {Journal of Machine Learning Research},
    author = {Letcher, Alistair and Balduzzi, David and Racan{\`{i}}, Sébastien and Martens, James and Foerster, Jakob and Tuyls, Karl and Graepel, Thore},
    pages = {1--40},
    volume = {20},
    url = {https://github.com/deepmind/symplectic-gradient-adjustment.},
    keywords = {classical mechan-ics, deep learning, dynamical systems, game theory, generative adversarial networks, gradient descent, hamiltonian mechanics}
}

@book{Hamalainen1991DifferentialFinland,
    title = {{Differential games : developments in modelling and computation : proceedings of the Fourth International Symposium on Differential Games and Applications, August 9-10, 1990, Helsinki University of Technology, Finland}},
    year = {1991},
    author = {Hämäläinen, Raimo P. and Ehtamo, H. K. (Harri Kalevi)},
    pages = {292},
    publisher = {Springer-Verlag},
    isbn = {3540537872}
}

@inproceedings{Bardi1991DifferentialDisturbances,
    title = {{Differential games and totally risk-averse optimal control of systems with small disturbances}},
    year = {1991},
    booktitle = {Lecture Notes in Control and Information Sciences},
    author = {Bardi, Martino and Sartori, Caterina},
    pages = {91--99},
    volume = {156},
    publisher = {Publ by Springer-Verlag Berlin},
    doi = {10.1007/bfb0040230},
    issn = {01708643}
}

@inproceedings{Jung2001DistributedArgumentation,
    title = {{Distributed constraint satisfaction as a computational model of negotiation via argumentation}},
    year = {2001},
    booktitle = {Lecture Notes in Computer Science (including subseries Lecture Notes in Artificial Intelligence and Lecture Notes in Bioinformatics)},
    author = {Jung, Hyuckchul},
    pages = {767},
    volume = {2239},
    publisher = {Springer Verlag},
    isbn = {3540428631},
    doi = {10.1007/3-540-45578-7{\_}68},
    issn = {16113349}
}

@article{Zahadat2016DivisionInhibition,
    title = {{Division of labor in a swarm of autonomous underwater robots by improved partitioning social inhibition}},
    year = {2016},
    journal = {Adaptive Behavior},
    author = {Zahadat, Payam and Schmickl, Thomas},
    number = {2},
    pages = {87--101},
    volume = {24},
    publisher = {SAGE Publications Ltd},
    doi = {10.1177/1059712316633028},
    issn = {17412633},
    keywords = {Swarm intelligence, adaptive division of labor, bio-inspired algorithm, distributed partitioning, social inhibition, swarm robotics}
}

@misc{DJISpecs,
    title = {{DJI Tello Specs}},
    url = {https://www.drone-world.com/dji-tello-specs}
}

@misc{DJISpecsb,
    title = {{DJI Tello Specs}},
    url = {https://www.drone-world.com/dji-tello-specs}
}

@misc{DragCoefficient,
    title = {{Drag Coefficient}},
    url = {https://www.engineeringtoolbox.com/drag-coefficient-d_627.html}
}

@misc{DragPhysics,
    title = {{Drag Forces – College Physics}},
    url = {https://opentextbc.ca/physicstestbook2/chapter/drag-forces/}
}

@techreport{VallamDynamicFormat,
    title = {{Dynamic Particle Allocation to Solve Interactive POMDP Models for Social Decision Making AAMAS; ACM proceedings; L A T E X; text tagging ACM Reference Format}},
    author = {Vallam, Rohith Dwarakanath and Ahuja, Sarthak and Shravan, Surya and Sajja, Kumar and Chaudhuri, Ritwik and Pimplikar, Rakesh and Mukherjee, Kushal and Narayanam, Ramasuri and Parija, Gyana and Dwarakanath Vallam, Rohith},
    publisher = {AAMAS},
    url = {www.ifaamas.org},
    keywords = {AAMAS, ACM proceedings, LaTeX, text tagging}
}

@inproceedings{Mordatch2018EmergencePopulations,
    title = {{Emergence of grounded compositional language in multi-agent populations}},
    year = {2018},
    booktitle = {32nd AAAI Conference on Artificial Intelligence, AAAI 2018},
    author = {Mordatch, Igor and Abbeel, Pieter},
    pages = {1495--1502},
    url = {https://blog.openai.com/openai-five/.},
    isbn = {9781577358008},
    arxivId = {1703.04908},
    keywords = {Multi-Agent Reinforcement Learning, Multi-Robot Systems, Robot Team Formation}
}

@techreport{Weyns2018EngineeringSystems,
    title = {{Engineering Multi-Agent Systems}},
    year = {2018},
    booktitle = {EMAS},
    author = {Weyns, Danny and Mascardi, Viviana and Ricci, Alessandro},
    url = {http://www.springer.com/series/1244},
    doi = {10.1007/978-3-030-25693-7}
}

@techreport{Wang2019EvolvingBehavior,
    title = {{Evolving Intrinsic Motivations for Altruistic Behavior}},
    year = {2019},
    booktitle = {IFAAMAS},
    author = {Wang, Jane X and Hughes, Edward and Fernando, Chrisantha and Czarnecki, Wojciech M and Du{\'{e}}{\~{n}}ez-Guzm{\'{a}}n, Edgar A and Leibo, Joel Z and Czar-necki, Wojciech M},
    volume = {10},
    url = {www.ifaamas.org},
    keywords = {altruism, evolution, multi-agent, social dilemmas}
}

@article{Rosenfeld2019ExplainabilitySystems,
    title = {{Explainability in human–agent systems}},
    year = {2019},
    journal = {Autonomous Agents and Multi-Agent Systems},
    author = {Rosenfeld, Avi and Richardson, Ariella},
    publisher = {Springer New York LLC},
    doi = {10.1007/s10458-019-09408-y},
    issn = {15737454},
    arxivId = {1904.08123},
    keywords = {Human–agent systems, Machine learning interpretability, Machine learning transparency, XAI}
}

@techreport{TrackExplainableReview,
    title = {{Explainable Agents and Robots: Results from a Systematic Literature Review}},
    author = {Track, Robotics and Anjomshoae, Sule and Najjar, Amro and Calvaresi, Davide and Fr{\"{a}}mling, Kary},
    url = {www.ifaamas.org},
    keywords = {Explainable AI, autonomous agents, goal-based XAI, human-robot interaction}
}

@inproceedings{Dosilovic2018ExplainableSurvey,
    title = {{Explainable artificial intelligence: A survey}},
    year = {2018},
    booktitle = {2018 41st International Convention on Information and Communication Technology, Electronics and Microelectronics, MIPRO 2018 - Proceedings},
    author = {Dosilovic, Filip Karlo and Brcic, Mario and Hlupic, Nikica},
    month = {6},
    pages = {210--215},
    publisher = {Institute of Electrical and Electronics Engineers Inc.},
    isbn = {9789532330977},
    doi = {10.23919/MIPRO.2018.8400040},
    keywords = {comprehensibility, explainability, explainable artificial intelligence, interpretability}
}

@inproceedings{Dibangoye2015ExploitingMDPs,
    title = {{Exploiting separability in multiagent planning with continuous-state MDPs}},
    year = {2015},
    booktitle = {IJCAI International Joint Conference on Artificial Intelligence},
    author = {Dibangoye, Jilles S. and Amato, Christopher and Buffet, Olivier and Charpillet, François},
    pages = {4254--4260},
    volume = {2015-Janua},
    publisher = {International Joint Conferences on Artificial Intelligence},
    isbn = {9781577357384},
    issn = {10450823}
}

@article{Tarapore2019FaultDetection,
    title = {{Fault Detection in a Swarm of Physical Robots Based on Behavioral Outlier Detection}},
    year = {2019},
    journal = {IEEE Transactions on Robotics},
    author = {Tarapore, Danesh and Timmis, Jon and Christensen, Anders Lyhne},
    month = {8},
    pages = {1--7},
    publisher = {Institute of Electrical and Electronics Engineers (IEEE)},
    doi = {10.1109/tro.2019.2929015},
    issn = {1552-3098}
}

@article{Bailey2019FiniteDescent-Ascent,
    title = {{Finite Regret and Cycles with Fixed Step-Size via Alternating Gradient Descent-Ascent}},
    year = {2019},
    author = {Bailey, James P and Gidel, Gauthier},
    pages = {1--15},
    arxivId = {arXiv:1907.04392v1}
}

@techreport{Kouvaros2019FormalSystems,
    title = {{Formal Verification of Open Multi-Agent Systems}},
    year = {2019},
    booktitle = {IFAAMAS},
    author = {Kouvaros, Panagiotis and Lomuscio, Alessio and Pirovano, Edoardo and Punchihewa, Hashan},
    volume = {9},
    url = {www.ifaamas.org}
}

@article{Boone2019FromTheory,
    title = {{From Darwin to Poincar{\textbackslash}'e and von Neumann: Recurrence and Cycles in Evolutionary and Algorithmic Game Theory}},
    year = {2019},
    author = {Boone, Victor and Piliouras, Georgios},
    url = {http://arxiv.org/abs/1910.01334},
    arxivId = {1910.01334}
}

@article{Carcassi2018FromMechanics,
    title = {{From physical assumptions to classical and quantum Hamiltonian and Lagrangian particle mechanics}},
    year = {2018},
    journal = {Journal of Physics Communications},
    author = {Carcassi, Gabriele and Aidala, Christine and Baker, David John and Bieri, Lydia},
    doi = {10.1088/2399-6528/aaba25},
    issn = {2399-6528},
    arxivId = {1702.07052}
}

@inproceedings{Sharma2011FuzzyProcesses,
    title = {{Fuzzy reinforcement learning control for decentralized partially observable Markov decision processes}},
    year = {2011},
    booktitle = {IEEE International Conference on Fuzzy Systems},
    author = {Sharma, Rajneesh and Spaan, Matthijs T.J.},
    pages = {1422--1429},
    isbn = {9781424473175},
    doi = {10.1109/FUZZY.2011.6007675},
    issn = {10987584},
    keywords = {Cooperative multiagent systems, Decentralized POMDPs, Fuzzy systems, Reinforcement learning}
}

@incollection{Nowe2012GameLearning,
    title = {{Game theory and multi-agent reinforcement learning}},
    year = {2012},
    booktitle = {Adaptation, Learning, and Optimization},
    author = {Now{\'{e}}, Ann and Vrancx, Peter and De Hauwere, Yann Michaël},
    pages = {441--470},
    volume = {12},
    publisher = {Springer Verlag},
    doi = {10.1007/978-3-642-27645-3{\_}14},
    issn = {18674542},
    keywords = {Assure, Eter, Librium, Lution, Nash}
}

@misc{GetKingdom,
    title = {{Get Started with ROS - MATLAB {\&}amp; Simulink - MathWorks United Kingdom}},
    url = {https://uk.mathworks.com/help/robotics/examples/get-started-with-ros.html#d120e104}
}

@misc{GPS.gov:Accuracy,
    title = {{GPS.gov: GPS Accuracy}},
    url = {https://www.gps.gov/systems/gps/performance/accuracy/}
}

@misc{GPS.gov:Accuracyb,
    title = {{GPS.gov: GPS Accuracy}},
    url = {https://www.gps.gov/systems/gps/performance/accuracy/}
}

@misc{GPS.gov:Accuracyc,
    title = {{GPS.gov: GPS Accuracy}},
    url = {https://www.gps.gov/systems/gps/performance/accuracy/}
}

@techreport{Bredereck2019HedonicGames,
    title = {{Hedonic Diversity Games}},
    year = {2019},
    author = {Bredereck, Robert and Elkind, Edith and Igarashi, Ayumi},
    url = {www.ifaamas.org},
    keywords = {Hedonic games, Schelling segregation, fractional hedonic games}
}

@techreport{Makar2001HierarchicalLearning,
    title = {{Hierarchical Multi-Agent Reinforcement Learning}},
    year = {2001},
    author = {Makar, Rajbala and Mahadevan, Sridhar and Ghavamzadeh, Mohammad},
    isbn = {158113326X}
}

@techreport{BlochInterdisciplinaryEdition,
    title = {{Interdisciplinary Applied Mathematics 24 Nonholonomic Mechanics and Control Second Edition}},
    author = {Bloch, A M and Baillieul, J and Crouch, P and Marsden, J E and Zenkov, D},
    url = {http://www.springer.com/series/1390}
}

@inproceedings{Liu2017LearningMacro-actions,
    title = {{Learning for multi-robot cooperation in partially observable stochastic environments with macro-actions}},
    year = {2017},
    booktitle = {IEEE International Conference on Intelligent Robots and Systems},
    author = {Liu, Miao and Sivakumar, Kavinayan and Omidshafiei, Shayegan and Amato, Christopher and How, Jonathan P.},
    pages = {1853--1860},
    volume = {2017-Septe},
    url = {https://ieeexplore.ieee.org/stamp/stamp.jsp?tp=&arnumber=8206001},
    isbn = {9781538626825},
    doi = {10.1109/IROS.2017.8206001},
    issn = {21530866},
    arxivId = {1707.07399}
}

@techreport{Foerster2018LearningAwareness,
    title = {{Learning with Opponent-Learning Awareness}},
    year = {2018},
    author = {Foerster, Jakob and Chen, Richard Y and Maruan Al-Shedivat, OpenAI and Whiteson, Shimon and Abbeel, Pieter and Mordatch OpenAI, Igor and Al-Shedivat, Maruan},
    url = {www.ifaamas.org},
    keywords = {deep reinforcement learning, game theory, multi-agent learning}
}

@techreport{Foerster2018LearningAwarenessb,
    title = {{Learning with Opponent-Learning Awareness}},
    year = {2018},
    author = {Foerster, Jakob and Chen, Richard Y and Maruan Al-Shedivat, OpenAI and Whiteson, Shimon and Abbeel, Pieter and Mordatch OpenAI, Igor and Al-Shedivat, Maruan},
    url = {www.ifaamas.org},
    keywords = {deep reinforcement learning, game theory, multi-agent learning}
}

@inproceedings{Harutyunyan2018LearningOff-policy,
    title = {{Learning with options that terminate off-policy}},
    year = {2018},
    booktitle = {32nd AAAI Conference on Artificial Intelligence, AAAI 2018},
    author = {Harutyunyan, Anna and Vrancx, Peter and Bacon, Pierre Luc and Precup, Doina and Now{\'{e}}, Ann},
    pages = {3173--3182},
    url = {www.ifaamas.org},
    isbn = {9781577358008},
    arxivId = {1711.03817},
    keywords = {Hierarchical Reinforcement Learning, Multi-agent Learning}
}

@techreport{TuylsLectureScience,
    title = {{Lecture Notes in Artificial Intelligence 3898 Subseries of Lecture Notes in Computer Science}},
    author = {Tuyls, Karl and Jan, Pieter and Verbeeck, Katja and Sen, Sandip}
}

@article{Brunton2019MachineMechanics,
    title = {{Machine Learning for Fluid Mechanics}},
    year = {2019},
    author = {Brunton, Steven L and Noack, Bernd R and Koumoutsakos, Petros},
    url = {https://doi.org/10.1146/},
    doi = {10.1146/((please)},
    arxivId = {1905.11075v2},
    keywords = {control, data-driven modeling, machine learning, optimization}
}

@article{Leibo2018MalthusianLearning,
    title = {{Malthusian Reinforcement Learning}},
    year = {2018},
    journal = {IFAAMAS},
    author = {Leibo, Joel Z and Perolat, Julien and Hughes, Edward and Wheelwright, Steven and Marblestone, Adam H and Du{\'{e}}{\~{n}}ez-Guzm{\'{a}}n, Edgar and Sunehag, Peter and Dunning, Iain and Graepel, Thore},
    volume = {9},
    url = {www.ifaamas.org http://arxiv.org/abs/1812.07019},
    arxivId = {1812.07019},
    keywords = {Adaptive radiation, Artificial general intelligence, Demography, Evolution, Intrinsic motivation}
}

@techreport{HenriquesMapNet:Environments,
    title = {{MapNet: An Allocentric Spatial Memory for Mapping Environments}},
    author = {Henriques, João F and Vedaldi, Andrea}
}

@misc{BernardineDias2006Market-basedAnalysis,
    title = {{Market-based multirobot coordination: A survey and analysis}},
    year = {2006},
    booktitle = {Proceedings of the IEEE},
    author = {Bernardine Dias, M. and Zlot, Robert and Kalra, Nidhi and Stentz, Anthony},
    number = {7},
    month = {7},
    pages = {1257--1270},
    volume = {94},
    doi = {10.1109/JPROC.2006.876939},
    issn = {00189219},
    keywords = {Auctions, Market-based coordination, Multirobot teams, Resource allocation, Task allocation}
}

@incollection{Neal2011MCMCDynamics,
    title = {{MCMC using hamiltonian dynamics}},
    year = {2011},
    booktitle = {Handbook of Markov Chain Monte Carlo},
    author = {Neal, Radford M.},
    month = {5},
    pages = {113--162},
    publisher = {CRC Press},
    isbn = {9781420079425},
    doi = {10.1201/b10905-6},
    arxivId = {1206.1901}
}

@article{Cao2015MixedUAV,
    title = {{Mixed dynamic task allocation for multiple UAV}},
    year = {2015},
    journal = {Nanjing Li Gong Daxue Xuebao/Journal of Nanjing University of Science and Technology},
    author = {Cao, Lei and Tan, Heshun and Peng, Hui and Pan, Mingcong},
    doi = {10.14177/j.cnki.32-1397n.2015.39.02.014},
    issn = {10059830},
    keywords = {Decentralized auction algorithm, Dynamic task allocation, Particle swarm optimizer-fish swarm algorithm, State information}
}

@misc{ModelingMotion,
    title = {{Modeling Vehicle Dynamics - Quadcopter Equations of Motion - Autonomy in Motion}},
    url = {http://charlestytler.com/quadcopter-equations-motion/}
}

@techreport{MaoModellingDDPG,
    title = {{Modelling the Dynamic Joint Policy of Teammates with Attention Multi-agent DDPG}},
    author = {Mao, Hangyu and Zhang, Zhengchao and Xiao, Zhen and Gong, Zhibo and Gong, Zhibo 2019},
    url = {www.ifaamas.org},
    keywords = {Agent Modelling, Deep Reinforcement Learning, Multi-agent Reinforcement Learning, Teammates Modelling}
}

@techreport{ModuleObjectives,
    title = {{Module 2 : Electrostatics Lecture 10 : Poisson Equations Objectives}},
    url = {https://nptel.ac.in/courses/122101002/downloads/lec-10.pdf}
}

@techreport{Bailey2019Multi-AgentSystem,
    title = {{Multi-Agent Learning in Net-work Zero-Sum Games is a Hamiltonian System}},
    year = {2019},
    booktitle = {IFAAMAS},
    author = {Bailey, James P and Piliouras, Georgios},
    volume = {9},
    url = {www.ifaamas.org}
}

@book{SchwartzMulti-agentApproach,
    title = {{Multi-agent machine learning : a reinforcement approach}},
    author = {Schwartz, Howard M.},
    isbn = {9781118362082}
}

@techreport{Rosello2018Multi-AgentTracking,
    title = {{Multi-Agent Reinforcement Learning for Multi-Object Tracking}},
    year = {2018},
    booktitle = {ACM Reference Format: Pol Rosello and Mykel J. Kochenderfer},
    author = {Rosello, Pol and Kochenderfer, Mykel J},
    url = {www.ifaamas.org},
    keywords = {Engineering Multiagent Systems—Innovative agents a, Learning and Adaptation—Deep learning, Learning and Adaptation—Multiagent learning}
}

@techreport{Leibo2017Multi-agentDilemmas,
    title = {{Multi-agent Reinforcement Learning in Sequential Social Dilemmas}},
    year = {2017},
    author = {Leibo, Joel Z and Zambaldi, Vinicius and Lanctot, Marc and Marecki, Janusz and Graepel, Thore},
    url = {www.ifaamas.org},
    keywords = {Agent / discrete models, CCS Concepts •Computing methodologies → Multi-agent reinforce-ment learning, Keywords Social dilemmas, cooperation, Markov games, agent-based social simulation, non-cooperative games, Stochastic games}
}

@techreport{Busoniu2006Multi-agentSurvey,
    title = {{Multi-agent reinforcement learning: A survey * "Multi-agent reinforcement learning: A survey Multi-Agent Reinforcement Learning: A Survey}},
    year = {2006},
    author = {Bus¸oniu, L Bus¸oniu and Babu{\v{s}}ka, R and De Schutter, B and Bus¸oniu, Lucian Bus¸oniu and Babu{\v{s}}ka, Robert and De Schutter, Bart},
    pages = {527--532},
    isbn = {3115278.66.7},
    keywords = {distributed control, game theory, multi-agent systems, reinforcement learning}
}

@techreport{Korein2018Multi-ArmedRobot,
    title = {{Multi-Armed Bandit Algorithms for Spare Time Planning of a Mobile Service Robot}},
    year = {2018},
    author = {Korein, Max and Veloso, Manuela},
    url = {www.ifaamas.org},
    keywords = {Machine learning for robotics, Robot autonomy, Robot planning and plan execution}
}

@inproceedings{Guha2018Multi-playerGames,
    title = {{Multi-player flow games}},
    year = {2018},
    booktitle = {Proceedings of the International Joint Conference on Autonomous Agents and Multiagent Systems, AAMAS},
    author = {Guha, Shibashis and Kupferman, Orna and Vardi, Gal},
    pages = {104--112},
    volume = {1},
    url = {www.ifaamas.org},
    isbn = {9781510868083},
    doi = {10.1007/s10458-019-09420-2},
    issn = {15582914},
    keywords = {Game Theory for practical applications, Methodologies for agent-based systems, Noncoopera tive games: Theory {\&} analysis, Noncooperative games computation}
}

@article{Jiang2019Multi-robotSynergies,
    title = {{Multi-robot planning with conflicts and synergies}},
    year = {2019},
    journal = {Autonomous Robots},
    author = {Jiang, Yuqian and Yedidsion, Harel and Zhang, Shiqi and Sharon, Guni and Stone, Peter},
    pages = {2011--2032},
    volume = {43},
    url = {https://doi.org/10.1007/s10514-019-09848-1},
    isbn = {43:20112032},
    doi = {10.1007/s10514-019-09848-1},
    keywords = {Intelligent mobile robotics, Multi-robot planning, Planning under temporal uncertainty}
}

@inproceedings{Matignon2018Multi-robotTrack,
    title = {{Multi-robot simultaneous coverage and mapping of complex scene - Comparison of different strategies: Robotics track}},
    year = {2018},
    booktitle = {Proceedings of the International Joint Conference on Autonomous Agents and Multiagent Systems, AAMAS},
    author = {Matignon, Laetitia and Simonint, Olivier},
    pages = {559--567},
    volume = {1},
    url = {www.ifaamas.org},
    isbn = {9781510868083},
    issn = {15582914},
    keywords = {Mapping and exploration, Multi-robot systems, Networked robot, Sensor systems}
}

@inproceedings{Thomas2005Multi-robotScenarios,
    title = {{Multi-robot task allocation in lunar mission construction scenarios}},
    year = {2005},
    booktitle = {Conference Proceedings - IEEE International Conference on Systems, Man and Cybernetics},
    author = {Thomas, George and Howard, Ayanna M. and Williams, Andrew B. and Moore-Alston, Aryen},
    pages = {518--523},
    volume = {1},
    doi = {10.1109/icsmc.2005.1571198},
    issn = {1062922X},
    keywords = {Multi-agent coordination, Multi-robot systems, Space exploration, Task allocation}
}

@techreport{ShohamMultiagentFoundations,
    title = {{Multiagent Systems: Algorithmic, Game-Theoretic, and Logical Foundations}},
    author = {Shoham, Yoav and Leyton-Brown, Kevin},
    url = {http://www.masfoundations.org.},
    keywords = {algorithms, auctions, communication, competition, cooperation, distributed problem solving, game theory, learning, logic, mechanism design, social choice}
}

@techreport{YangNoRML:Learning,
    title = {{NoRML: No-Reward Meta Learning}},
    booktitle = {IFAAMAS},
    author = {Yang, Yuxiang and Caluwaerts, Ken and Iscen, Atil and Tan, Jie and Finn, Chelsea},
    volume = {9},
    url = {www.ifaamas.org},
    keywords = {Deep Learning, Meta-Learning, Reinforcement Learning}
}

@techreport{Arora2019OnlineOcclusion,
    title = {{Online Inverse Reinforcement Learning Under Occlusion}},
    year = {2019},
    author = {Arora, Saurabh and Doshi, Prashant and Banerjee, Bikramjit},
    publisher = {AAMAS},
    url = {www.ifaamas.org},
    keywords = {Inverse Reinforcement Learning, Online Learning, Reinforcement Learning, Robot Learning, Robotics}
}

@article{Dibangoye2014OptimallyAlgorithms,
    title = {{Optimally solving Dec-POMDPs as continuous-state MDPs: Theory and algorithms}},
    year = {2014},
    journal = {Journal of Artificial Intelligence Research},
    author = {Dibangoye, Jilles Steeve and Amato, Christopher and Buffet, Olivier and Charpillet, François},
    pages = {443--497},
    volume = {55},
    isbn = {9781577356332},
    issn = {0249-6399},
    keywords = {concurrent, dec-pomdp, decentralized, enhancement, lim-com, nondet-outcomes, partial-obs}
}

@article{Ma2017Overview:Systems,
    title = {{Overview: A Hierarchical Framework for Plan Generation and Execution in Multirobot Systems}},
    year = {2017},
    journal = {IEEE Intelligent Systems},
    author = {Ma, Hang and H{\"{o}}nig, Wolfgang and Cohen, Liron and Uras, Tansel and Xu, Hong and Kumar, T. K.Satish and Ayanian, Nora and Koenig, Sven},
    number = {6},
    month = {11},
    pages = {6--12},
    volume = {32},
    publisher = {Institute of Electrical and Electronics Engineers Inc.},
    doi = {10.1109/MIS.2017.4531217},
    issn = {15411672},
    keywords = {intelligent systems, multirobot planning, multirobot systems, path planning, plan execution}
}

@misc{PIDInstruments,
    title = {{PID Theory Explained - National Instruments}},
    url = {http://www.ni.com/white-paper/3782/en/}
}

@misc{PigpioLibrary,
    title = {{pigpio library}},
    url = {http://abyz.me.uk/rpi/pigpio/index.html}
}

@inproceedings{Amato2015PlanningUncertainty,
    title = {{Planning for decentralized control of multiple robots under uncertainty}},
    year = {2015},
    booktitle = {Proceedings - IEEE International Conference on Robotics and Automation},
    author = {Amato, Christopher and Konidaris, George and Cruz, Gabriel and Maynor, Christopher A. and How, Jonathan P. and Kaelbling, Leslie P.},
    number = {June},
    pages = {1241--1248},
    volume = {2015-June},
    url = {https://ieeexplore.ieee.org/stamp/stamp.jsp?tp=&arnumber=7139350&tag=1},
    doi = {10.1109/ICRA.2015.7139350},
    issn = {10504729},
    arxivId = {1402.2871}
}

@inproceedings{Stancliff2009PlanningAllocation,
    title = {{Planning to fail - Reliability needs to be considered a priori in multirobot task allocation}},
    year = {2009},
    booktitle = {Conference Proceedings - IEEE International Conference on Systems, Man and Cybernetics},
    author = {Stancliff, Stephen B. and Dolan, John and Trebi-Ollennu, Ashitey},
    pages = {2362--2367},
    isbn = {9781424427949},
    doi = {10.1109/ICSMC.2009.5346359},
    issn = {1062922X},
    keywords = {Multirobot systems, Reliability, Task allocation}
}

@inproceedings{Pallottino2007ProbabilisticAvoidance,
    title = {{Probabilistic verification of decentralized multi-agent control strategies: A Case Study in Conflict Avoidance}},
    year = {2007},
    booktitle = {Proceedings of the American Control Conference},
    author = {Pallottino, Lucia and Bicchi, Antonio and Frazzoli, Emilio},
    pages = {170--175},
    isbn = {1424409888},
    doi = {10.1109/ACC.2007.4283164},
    issn = {07431619}
}

@article{Hu2019QNetworks,
    title = {{Q Learning with Quantum Neural Networks}},
    year = {2019},
    journal = {Natural Science},
    author = {Hu, Wei and Hu, James},
    number = {01},
    pages = {31--39},
    volume = {11},
    publisher = {Scientific Research Publishing, Inc,},
    doi = {10.4236/ns.2019.111005},
    issn = {2150-4091}
}

@misc{QuadcopterOfficial,
    title = {{Quadcopter AR Drone 2.0 Elite Edition | Parrot Store Official}},
    url = {https://www.parrot.com/uk/drones/parrot-ardrone-20-elite-edition}
}

@techreport{QuadcopterControl,
    title = {{Quadcopter Dynamics, Simulation, and Control}}
}

@techreport{QuadcopterControlb,
    title = {{Quadcopter Dynamics, Simulation, and Control}},
    url = {http://andrew.gibiansky.com/downloads/pdf/Quadcopter%20Dynamics,%20Simulation,%20and%20Control.pdf}
}

@inproceedings{Brafman2013QualitativeDomains,
    title = {{Qualitative planning under partial observability in multi-agent domains}},
    year = {2013},
    booktitle = {Proceedings of the 27th AAAI Conference on Artificial Intelligence, AAAI 2013},
    author = {Brafman, Ronen I. and Shani, Guy and Zilberstein, Shlomo},
    pages = {130--137},
    isbn = {9781577356158}
}

@article{Dong2008QuantumLearning,
    title = {{Quantum reinforcement learning}},
    year = {2008},
    journal = {IEEE Transactions on Systems, Man, and Cybernetics, Part B: Cybernetics},
    author = {Dong, Daoyi and Chen, Chunlin and Li, Hanxiong and Tarn, Txyh Jong},
    number = {5},
    pages = {1207--1220},
    volume = {38},
    doi = {10.1109/TSMCB.2008.925743},
    issn = {10834419},
    arxivId = {0810.3828},
    keywords = {Collapse, Grover iteration, Probability amplitude, Quantum reinforcement learning (QRL), State superposition}
}

@incollection{Breitner1994ReentryGame,
    title = {{Reentry Trajectory Optimization under Atmospheric Uncertainty as a Differential Game}},
    year = {1994},
    booktitle = {Advances in Dynamic Games and Applications},
    author = {Breitner, Michael H. and Pesch, H. Joseph},
    pages = {70--86},
    publisher = {Birkh{\"{a}}user Boston},
    doi = {10.1007/978-1-4612-0245-5{\_}4}
}

@article{Reis2019RobustVehicles,
    title = {{Robust Cooperative Moving Path Following Control for Marine Robotic Vehicles}},
    year = {2019},
    journal = {Frontiers in Robotics and AI},
    author = {Reis, Matheus F. and Jain, R. Praveen and Aguiar, A. Pedro and de Sousa, Joao Borges},
    month = {11},
    volume = {6},
    url = {https://www.frontiersin.org/article/10.3389/frobt.2019.00121/full},
    doi = {10.3389/frobt.2019.00121},
    issn = {2296-9144}
}

@techreport{Klima2019RobustDomains,
    title = {{Robust Temporal Difference Learning for Critical Domains}},
    year = {2019},
    booktitle = {IFAAMAS},
    author = {Klima, Richard and Bloembergen, Daan and Kaisers, Michael and Tuyls, Karl},
    volume = {9},
    url = {www.ifaamas.org},
    keywords = {multi-agent learning, reinforcement learning, robust learning}
}

@inproceedings{Berkenkamp2017SafeGuarantees,
    title = {{Safe model-based reinforcement learning with stability guarantees}},
    year = {2017},
    booktitle = {Advances in Neural Information Processing Systems},
    author = {Berkenkamp, Felix and Turchetta, Matteo and Schoellig, Angela P and Krause, Andreas},
    pages = {909--919},
    volume = {2017-Decem},
    issn = {10495258},
    arxivId = {1705.08551}
}

@inproceedings{Honig2018ScalableEnvironments,
    title = {{Scalable task and motion planning for multi-robot systems in obstacle-rich environments}},
    year = {2018},
    booktitle = {Proceedings of the International Joint Conference on Autonomous Agents and Multiagent Systems, AAMAS},
    author = {H{\"{o}}nig, Wolfgang},
    pages = {1746--1748},
    volume = {3},
    url = {www.ifaamas.org},
    isbn = {9781510868083},
    issn = {15582914}
}

@techreport{DucatelleSelf-organizedSwarms,
    title = {{Self-organized Cooperation between Robotic Swarms}},
    author = {Ducatelle, Frederick and Caro, Gianni A Di and Pinciroli, Carlo and Luca, · and Gambardella, M and Ducatelle, F and Dalle, " and Caro, G A Di and Pinciroli, C and Gambardella, L M},
    url = {http://www.swarmanoid.org},
    keywords = {Swarm robotics, ant foraging, heterogeneous robot swarms, multi-robot systems, robot navigation, self-organization, stigmergy, swarm intelligence}
}

@article{Frison2010Self-organizedPartitioning,
    title = {{Self-organized Task Partitioning}},
    year = {2010},
    journal = {Lecture Notes in Computer Science},
    author = {Frison, Marco and Tran, Nam-luc and Baiboun, Nadir and Brutschy, Arne and Pini, Giovanni and Roli, Andrea and Dorigo, Marco and Birattari, Mauro},
    doi = {10.1007/978-3-642-15461-4{\_}25}
}

@article{Gerkey2002Sold:Coordination,
    title = {{Sold!: Auction methods for multirobot coordination}},
    year = {2002},
    journal = {IEEE Transactions on Robotics and Automation},
    author = {Gerkey, Brian P. and Matari{\'{c}}, Maja J.},
    number = {5},
    month = {10},
    pages = {758--768},
    volume = {18},
    doi = {10.1109/TRA.2002.803462},
    issn = {1042296X},
    keywords = {Auctions, Contract nets, Coordination, Multirobot systems, Task allocation}
}

@inproceedings{Mazurowski2007SolvingOptimization,
    title = {{Solving multi-agent control problems using particle swarm optimization}},
    year = {2007},
    booktitle = {Proceedings of the 2007 IEEE Swarm Intelligence Symposium, SIS 2007},
    author = {Mazurowski, Maciej A. and Zurada, Jacek M.},
    pages = {105--111},
    isbn = {1424407087},
    doi = {10.1109/SIS.2007.368033}
}

@article{Jin2018Stability-certifiedPerspective,
    title = {{Stability-certified reinforcement learning: A control-theoretic perspective}},
    year = {2018},
    author = {Jin, Ming and Lavaei, Javad},
    url = {http://arxiv.org/abs/1810.11505},
    isbn = {1810.11505v1},
    arxivId = {1810.11505},
    keywords = {93D09, 93E35, Reinforcement learning, decentralized control synthesis, policy gradient optimization, robust control, safe reinforcement learning AMS subject classifica}
}

@techreport{LetcherSTABLEGAMES,
    title = {{STABLE OPPONENT SHAPING IN DIFFERENTIABLE GAMES}},
    author = {Letcher, Alistair and Foerster, Jakob and Balduzzi, David and Rockt{\"{a}}schel, Tim and Whiteson, Shimon}
}

@techreport{Milchtaich2007StaticGames,
    title = {{Static Stability in Games}},
    year = {2007},
    author = {Milchtaich, Igal},
    keywords = {Stability of equilibrium, static stability}
}

@article{Amir2019SummarizingStrategies,
    title = {{Summarizing agent strategies}},
    year = {2019},
    journal = {Autonomous Agents and Multi-Agent Systems},
    author = {Amir, Ofra and Doshi-Velez, Finale and Sarne, David},
    number = {5},
    month = {9},
    pages = {628--644},
    volume = {33},
    publisher = {Springer Science and Business Media LLC},
    doi = {10.1007/s10458-019-09418-w},
    issn = {1387-2532}
}

@article{Dorigo2008SwarmExperiment,
    title = {{Swarm intelligence and swarm robotics. The swarm-bot experiment}},
    year = {2008},
    journal = {ICINCO 2008 Proceedings of the Fifth International Conference on Informatics in Control Automation and Robotics},
    author = {Dorigo, M}
}

@article{Egerstedt2016SwarmingRobots,
    title = {{Swarming robots}},
    year = {2016},
    journal = {Snapshot of Modern Mathematics},
    author = {Egerstedt, Magnus},
    number = {1},
    pages = {1--9},
    volume = {1}
}

@article{Pini2011TaskSelection,
    title = {{Task partitioning in swarms of robots: An adaptive method for strategy selection}},
    year = {2011},
    journal = {Swarm Intelligence},
    author = {Pini, Giovanni and Brutschy, Arne and Frison, Marco and Roli, Andrea and Dorigo, Marco and Birattari, Mauro},
    number = {3-4},
    pages = {283--304},
    volume = {5},
    doi = {10.1007/s11721-011-0060-1},
    issn = {19353812},
    keywords = {Foraging, Self-organization, Swarm robotics, Task partitioning}
}

@misc{TheSpeed,
    title = {{The annual variability of wind speed}},
    url = {https://www.wind-energy-the-facts.org/the-annual-variability-of-wind-speed.html}
}

@techreport{DickensTheLearning,
    title = {{The Dynamics of Multi-Agent Reinforcement Learning}},
    author = {Dickens, Luke and Broda, Krysia and Russo, Alessandra}
}

@techreport{TheEquation,
    title = {{The Wave Equation}},
    url = {http://ocw.mit.edu/terms.}
}

@misc{TrackingKingdom,
    title = {{Tracking a Green Ball - MATLAB {\&}amp; Simulink Example - MathWorks United Kingdom}},
    url = {https://uk.mathworks.com/help/supportpkg/raspberrypiio/examples/track-a-green-ball.html}
}

@techreport{Bhalla2019TrainingLearning,
    title = {{Training Cooperative Agents for Multi-Agent Reinforcement Learning}},
    year = {2019},
    author = {Bhalla, Sushrut and Subramanian, Sriram G and Crowley, Mark},
    url = {www.ifaamas.org},
    arxivId = {1606.01540},
    keywords = {Autonomous Driving, MARL, Multi-Agent Reinforcement Learning, MultiAgent Systems, Reinforcement Learning}
}

@techreport{LiuTrust-Aware,
    title = {{Trust-Aware Behavior Reflection for Robot Swarm Self-Healing *}},
    author = {Liu, Rui and Jia, Fan and Luo, Wenhao and Chandarana, Meghan and Nam, Changjoo and Lewis, Michael and Sycara, Katia},
    url = {www.ifaamas.org},
    keywords = {Behavior Reflection, Swarm Self-Healing, Trust, Trust-R, WMSR}
}

@misc{UnderstandingRobotics,
    title = {{Understanding Euler Angles | CH Robotics}},
    url = {http://www.chrobotics.com/library/understanding-euler-angles}
}

@misc{UsingKaggle,
    title = {{Using Categorical Data with One Hot Encoding | Kaggle}},
    url = {https://www.kaggle.com/dansbecker/using-categorical-data-with-one-hot-encoding}
}

@inproceedings{Jakubuv2015UsingPlanning,
    title = {{Using process calculi for plan verification in multiagent planning}},
    year = {2015},
    booktitle = {Lecture Notes in Computer Science (including subseries Lecture Notes in Artificial Intelligence and Lecture Notes in Bioinformatics)},
    author = {Jakubův, Jan and To{\v{z}}i{\v{c}}ka, Jan and Komenda, Antonín},
    volume = {9494},
    isbn = {9783319279466},
    doi = {10.1007/978-3-319-27947-3{\_}13},
    issn = {16113349}
}

@misc{UsingKumar,
    title = {{Using Support Vector Machines Effectively | Neeraj Kumar}},
    url = {https://neerajkumar.org/writings/svm/}
}