@book{Schwartz2014,
	title = {{Multi-Agent Machine Learning: A Reinforcement Approach}},
	year = {2014},
	booktitle = {Multi-Agent Machine Learning: A Reinforcement Approach},
	author = {Schwartz, Howard M.},
	doi = {10.1002/9781118884614}
}

@article{Sato2002,
	title = {{Chaos in learning a simple two-person game}},
	year = {2002},
	journal = {Proceedings of the National Academy of Sciences of the United States of America},
	author = {Sato, Yuzuru and Akiyama, Eizo and Farmer, J. Doyne},
	number = {7},
	month = {4},
	pages = {4748--4751},
	volume = {99},
	doi = {10.1073/pnas.032086299},
	issn = {00278424}
}

@book{Nisan2007,
    title = {{Algorithmic game theory}},
    year = {2007},
    booktitle = {Algorithmic Game Theory},
    author = {Nisan, Noam and Roughgarden, Tim and Tardos, Éva and Vazirani, Vijay V.},
    month = {1},
    pages = {1--754},
    volume = {9780521872829},
    publisher = {Cambridge University Press},
    isbn = {9780511800481},
    doi = {10.1017/CBO9780511800481}
}

@article{Sanders2018,
	title = {{The prevalence of chaotic dynamics in games with many players}},
	year = {2018},
	journal = {Scientific Reports},
	author = {Sanders, James B T and Farmer, J Doyne and Galla, Tobias},
	number = {1},
	pages = {4902},
	volume = {8},
	url = {https://doi.org/10.1038/s41598-018-22013-5},
	doi = {10.1038/s41598-018-22013-5},
	issn = {2045-2322}
}

@article{Chotibut2021,
	title = {{Family of chaotic maps from game theory}},
	year = {2021},
	journal = {Dynamical Systems},
	author = {Chotibut, Thiparat and Falniowski, Fryderyk and Misiurewicz, Michał and Piliouras, Georgios},
	number = {1},
	month = {1},
	pages = {48--63},
	volume = {36},
	publisher = {Taylor and Francis Ltd.},
	doi = {10.1080/14689367.2020.1795624},
	issn = {1468-9367}
}

@article{Smyrnakis2016,
	title = {{Fictitious play for cooperative action selection in robot teams}},
	year = {2016},
	journal = {Engineering Applications of Artificial Intelligence},
	author = {Smyrnakis, M. and Veres, S. M.},
	month = {11},
	pages = {14--29},
	volume = {56},
	publisher = {Elsevier Ltd},
	doi = {10.1016/j.engappai.2016.08.008},
	issn = {09521976},
	arxivId = {1611.05638},
	keywords = {Distributed optimisation, Extended Kalman filters, Fictitious play, Game theory, Robot team coordination}
}

@inproceedings{Sharma2015,
	title = {{Fictitious play based Markov game control for robotic arm manipulator}},
	year = {2015},
	booktitle = {Proceedings - 2014 3rd International Conference on Reliability, Infocom Technologies and Optimization: Trends and Future Directions, ICRITO 2014},
	author = {Sharma, Rajneesh and Gopal, M.},
	month = {1},
	publisher = {Institute of Electrical and Electronics Engineers Inc.},
	isbn = {9781479968961},
	doi = {10.1109/ICRITO.2014.7014718},
	keywords = {Fictitious play, Fuzzy Markov games, Fuzzy Q learning, Two link robot control}
}

@article{Benaim2006,
	title = {{Stochastic approximations and differential inclusions, Part II: Applications}},
	year = {2006},
	journal = {Mathematics of Operations Research},
	author = {Bena{\"{i}}m, Michel and Hofbauer, Josef and Sorin, Sylvain},
	number = {4},
	month = {11},
	pages = {673--695},
	volume = {31},
	publisher = {Sylvain Sorin},
	url = {http://pubsonline.informs.org695.https://doi.org/10.1287/moor.1060.0213http://www.informs.org},
	doi = {10.1287/moor.1060.0213},
	issn = {0364765X},
	keywords = {Approachability, Consistency, Differential inclusions, No regret, Set-valued dynamical systems, Smooth fictitious play, Stochastic approximation}
}

@article{Bianchi2019,
	title = {{A continuous-time distributed generalized Nash equilibrium seeking algorithm over networks for double-integrator agents}},
	year = {2019},
	author = {Bianchi, Mattia and Grammatico, Sergio},
	month = {10},
	url = {http://arxiv.org/abs/1910.11608},
	arxivId = {1910.11608}
}

@article{Leslie2006,
	title = {{Individual Q-learning in normal form games}},
	year = {2006},
	journal = {SIAM Journal on Control and Optimization},
	author = {Leslie, David S and Collins, E J},
	number = {2},
	pages = {495--514},
	volume = {44},
	url = {http://www.siam.org/journals/sicon/44-2/43797.html},
	doi = {10.1137/S0363012903437976},
	issn = {03630129},
	keywords = {Multi-agent learning, Normal form games, Player-dependent learning rates, Reinforcement learning, Stochastic approximation}
}

@book{vonNeumann1944,
	title = {{Theory of Games and Economic Behavior (60th Anniversary Commemorative Edition)}},
	year = {1944},
	author = {von Neumann, John and Morgenstern, Oskar and Rubinstein, Ariel},
	month = {1},
	publisher = {Princeton University Press},
	url = {http://www.jstor.org/stable/j.ctt1r2gkx},
	isbn = {9780691130613},
	doi = {10.2307/j.ctt1r2gkx}
}

@inproceedings{Hernandez2013,
	title = {{A multi-robot system for patrolling task via Stochastic Fictitious Play}},
	year = {2013},
	booktitle = {ICAART 2013 - Proceedings of the 5th International Conference on Agents and Artificial Intelligence},
	author = {Hern{\'{a}}ndez, Erik and Barrientos, Antonio and Del Cerro, Jaime and Rossi, Claudio},
	pages = {407--410},
	volume = {1},
	isbn = {9789898565389},
	doi = {10.5220/0004259504070410},
	keywords = {Game Theory, Multi-robot system, Patrolling problem, Security tasks, Stochastic Fictitious Play}
}

@article{Huang2006,
	title = {{LARGE POPULATION STOCHASTIC DYNAMIC GAMES: CLOSED-LOOP MCKEAN-VLASOV SYSTEMS AND THE NASH CERTAINTY EQUIVALENCE PRINCIPLE *}},
	year = {2006},
	booktitle = {https://doi.org/},
	author = {Huang, Minyi and Malham{\'{e}}, Roland P and Malham{\'{e}}, Malham´ and Caines, Peter E},
	number = {3},
	month = {1},
	pages = {221--252},
	volume = {6},
	publisher = {International Press of Boston},
	doi = {cis/1183728987},
	issn = {1526-7555}
}

@article{Perrin2020,
	title = {{Fictitious Play for Mean Field Games: Continuous Time Analysis and Applications}},
	year = {2020},
	author = {Perrin, Sarah and Perolat, Julien and Lauri{\`{e}}re, Mathieu and Geist, Matthieu and Elie, Romuald and Pietquin, Olivier},
	month = {7},
	url = {http://arxiv.org/abs/2007.03458},
	arxivId = {2007.03458}
}

@article{Jensen2010,
	title = {{Aggregative games and best-reply potentials}},
	year = {2010},
	journal = {Econ Theory},
	author = {Jensen, Martin Kaae},
	pages = {45--66},
	volume = {43}
}

@article{DePersis2020,
	title = {{Continuous-Time Integral Dynamics for a Class of Aggregative Games with Coupling Constraints}},
	year = {2020},
	journal = {IEEE Transactions on Automatic Control},
	author = {De Persis, Claudio and Grammatico, Sergio},
	number = {5},
	month = {5},
	pages = {2171--2176},
	volume = {65},
	publisher = {Institute of Electrical and Electronics Engineers Inc.},
	doi = {10.1109/TAC.2019.2939639},
	issn = {15582523},
	keywords = {Aggregative game theory, decentralized control, multiagent systems, projected dynamical systems}
}

@article{Parise2020,
	title = {{Distributed convergence to Nash equilibria in network and average aggregative games}},
	year = {2020},
	journal = {Automatica},
	author = {Parise, Francesca and Grammatico, Sergio and Gentile, Basilio and Lygeros, John},
	pages = {108959},
	volume = {117},
	url = {https://doi.org/10.1016/j.automatica.2020.108959},
	doi = {10.1016/j.automatica.2020.108959},
	keywords = {Best response dynamics, Deterministic aggregative games, Distributed algorithms, Multi-agent systems}
}

@article{Elie2020,
	title = {{On the Convergence of Model Free Learning in Mean Field Games}},
	year = {2020},
	journal = {Proceedings of the AAAI Conference on Artificial Intelligence},
	author = {Elie, Romuald and P{\'{e}}rolat, Julien and Lauri{\`{e}}re, Mathieu and Geist, Matthieu and Pietquin, Olivier},
	number = {05},
	month = {4},
	pages = {7143--7150},
	volume = {34},
	publisher = {Association for the Advancement of Artificial Intelligence (AAAI)},
	doi = {10.1609/aaai.v34i05.6203},
	issn = {2159-5399},
	arxivId = {1907.02633}
}

@article{Koshal2016,
	title = {{Distributed algorithms for aggregative games on graphs}},
	year = {2016},
	journal = {Operations Research},
	author = {Koshal, Jayash and Nedi{\ae}, Angelia and Shanbhag, Uday V},
	number = {3},
	pages = {680--704},
	volume = {64},
	doi = {10.1287/opre.2016.1501},
	issn = {15265463},
	arxivId = {1605.00267},
	keywords = {Network applications, Noncooperative games, Systems solution}
}

@unpublished{Zhu2021,
	title = {{Asynchronous Networked Aggregative Games}},
	year = {2021},
	author = {Zhu, Rongping and Zhang, Jiaqi and You, Keyou and Ba{\c{s}}ar, Tamer},
	month = {1},
	url = {http://arxiv.org/abs/2101.08973},
	arxivId = {2101.08973}
}

@article{Shokri2020,
	title = {{Leader-Follower Network Aggregative Game with Stochastic Agents' Communication and Activeness}},
	year = {2020},
	journal = {IEEE Transactions on Automatic Control},
	author = {Shokri, Mohammad and Kebriaei, Hamed},
	number = {12},
	month = {12},
	pages = {5496--5502},
	volume = {65},
	publisher = {Institute of Electrical and Electronics Engineers Inc.},
	doi = {10.1109/TAC.2020.2973807},
	issn = {15582523},
	arxivId = {1908.02458},
	keywords = {Distributed algorithm, leader-follower, network aggregative game (NAG), stochastic network, subgradient method}
}

@inproceedings{Parise2015,
	author={Parise, Francesca and Gentile, Basilio and Grammatico, Sergio and Lygeros, John},
	booktitle={2015 54th IEEE Conference on Decision and Control (CDC)}, 
	title={Network aggregative games: Distributed convergence to Nash equilibria}, 
	year={2015},
	volume={},
	number={},
	pages={2295-2300},
	doi={10.1109/CDC.2015.7402549}
}

@inproceedings{Lei2020,
	title = {{Distributed Computation of Nash Equilibria for Monotone Aggregative Games via Iterative Regularization}},
	year = {2020},
	booktitle = {Proceedings of the IEEE Conference on Decision and Control},
	author = {Lei, Jinlong and Shanbhag, Uday V. and Chen, Jie},
	month = {12},
	pages = {2285--2290},
	volume = {2020-December},
	publisher = {Institute of Electrical and Electronics Engineers Inc.},
	isbn = {9781728174471},
	doi = {10.1109/CDC42340.2020.9303804},
	issn = {07431546}
}

@article{Grammatico2016,
	title = {{Decentralized Convergence to Nash Equilibria in Constrained Deterministic Mean Field Control}},
	year = {2016},
	journal = {IEEE Transactions on Automatic Control},
	author = {Grammatico, Sergio and Parise, Francesca and Colombino, Marcello and Lygeros, John},
	number = {11},
	month = {11},
	pages = {3315--3329},
	volume = {61},
	publisher = {Institute of Electrical and Electronics Engineers Inc.},
	doi = {10.1109/TAC.2015.2513368},
	issn = {00189286},
	arxivId = {1410.4421},
	keywords = {Population control, large-scale systems, mean field games, noncooperative agents}
}

@article{Kebriaei2021,
	title = {{Multi-Population Aggregative Games: Equilibrium Seeking via Mean-Field Control and Consensus}},
	year = {2021},
	journal = {IEEE Transactions on Automatic Control},
	author = {Kebriaei, Hamed and Sadati-Savadkoohi, S. Jafar and Shokri, Mohammad and Grammatico, Sergio},
	publisher = {Institute of Electrical and Electronics Engineers Inc.},
	doi = {10.1109/TAC.2021.3057063},
	issn = {15582523},
	keywords = {Aggregates, Consensus protocol, Convergence, Cost function, Games, Sociology, Statistics}
}

@article{Shokri2021,
	title = {{Network Aggregative Game in Unknown Dynamic Environment with Myopic Agents and Delay}},
	year = {2021},
	journal = {IEEE Transactions on Automatic Control},
	author = {Shokri, Mohammad and Kebriaei, Hamed},
	publisher = {Institute of Electrical and Electronics Engineers Inc.},
	doi = {10.1109/TAC.2021.3071017},
	issn = {15582523}
	}

@techreport{Brown1949,
	title = {{SOME NOTES ON COMPUTATION OF GAMES SOLUTIONS}},
	year = {1949},
	author = {Brown P-, George W},
	month = {4}
}

@article{Harris1998,
	title = {{On the Rate of Convergence of Continuous-Time Fictitious Play}},
	year = {1998},
	journal = {Games and Economic Behavior},
	author = {Harris, Christopher},
	number = {2},
	month = {2},
	pages = {238--259},
	volume = {22},
	publisher = {Academic Press},
	doi = {10.1006/game.1997.0582},
	issn = {08998256}
}

@techreport{Hofbauer2006,
	title = {{BEST RESPONSE DYNAMICS FOR CONTINUOUS ZERO-SUM GAMES}},
	year = {2006},
	booktitle = {DYNAMICAL SYSTEMS-SERIES B},
	author = {Hofbauer, Josef and Sorin, Sylvain},
	number = {1},
	pages = {215--224},
	volume = {6}
}

@article{Mai2019,
	title = {{Distributed optimization over directed graphs with row stochasticity and constraint regularity}},
	year = {2019},
	journal = {Automatica},
	author = {Mai, Van Sy and Abed, Eyad H.},
	month = {4},
	pages = {94--104},
	volume = {102},
	publisher = {Elsevier Ltd},
	doi = {10.1016/j.automatica.2018.07.020},
	issn = {00051098},
	arxivId = {1806.07081},
	keywords = {Communication networks, Directed graphs, Distributed optimization, Multiagent systems, Subgradient method}
}

@article{Axelrod1980,
	title = {{More Effective Choice in the Prisoner's Dilemma}},
	year = {1980},
	journal = {The Journal of Conflict Resolution},
	author = {Axelrod, Robert},
	number = {3},
	pages = {379--403},
	volume = {24},
	publisher = {Sage Publications, Inc.},
	url = {http://www.jstor.org/stable/173638},
	issn = {00220027, 15528766}
}

@article{Robinson1951,
	title = {{An Iterative Method of Solving a Game}},
	year = {1951},
	journal = {The Annals of Mathematics},
	author = {Robinson, Julia},
	number = {2},
	month = {9},
	pages = {296},
	volume = {54},
	publisher = {JSTOR},
	doi = {10.2307/1969530},
	issn = {0003486X}
}

@inproceedings{Miyasawa1961,
	title={ON THE CONVERGENCE OF THE LEARNING PROCESS IN A 2 X 2 NON-ZERO-SUM TWO-PERSON GAME},
	author={K. Miyasawa},
	year={1961}
}

@article{Metrick1994,
	title = {{Fictitious play in 2×2 games: A geometric proof of convergence}},
	year = {1994},
	journal = {Economic Theory},
	author = {Metrick, Andrew and Polak, Ben},
	number = {6},
	month = {11},
	pages = {923--933},
	volume = {4},
	publisher = {Springer-Verlag},
	url = {https://link.springer.com/article/10.1007/BF01213819},
	doi = {10.1007/BF01213819},
	issn = {09382259},
	keywords = {Economic Theory/Quantitative Economics/Mathematical Methods, Economics, Game Theory, Microeconomics, Public Finance, Social and Behav. Sciences}
}

@article{Berger2007,
	title = {{Brown's original fictitious play}},
	year = {2007},
	journal = {Journal of Economic Theory},
	author = {Berger, Ulrich},
	number = {1},
	month = {7},
	pages = {572--578},
	volume = {135},
	publisher = {Academic Press},
	doi = {10.1016/j.jet.2005.12.010},
	issn = {00220531},
	keywords = {Fictitious play, Learning process, Ordinal potential games}
}

@article{Monderer1996,
	title = {{Potential games}},
	year = {1996},
	journal = {Games and Economic Behavior},
	author = {Monderer, Dov and Shapley, Lloyd S.},
	number = {1},
	month = {5},
	pages = {124--143},
	volume = {14},
	publisher = {Academic Press Inc.},
	doi = {10.1006/game.1996.0044},
	issn = {08998256}
}

@article{Monderer1997,
	title = {{Belief affirming in learning processes}},
	year = {1997},
	journal = {Journal of Economic Theory},
	author = {Monderer, Dov and Samet, Dov and Sela, Aner},
	number = {2},
	month = {4},
	pages = {438--452},
	volume = {73},
	publisher = {Academic Press},
	doi = {10.1006/jeth.1996.2245},
	issn = {00220531}
}

@techreport{Sela1999,
	title = {{Fictitious play in 'one-against-all' multi-player games}},
	year = {1999},
	booktitle = {Economic Theory},
	author = {Sela, Aner},
	pages = {635--651},
	volume = {14},
	keywords = {D83, Fictitious play, Potential games JEL Classification Number: C72, Zero-sum games, and Phrases: Learning}
}

@article{Ewerhart2020,
	title = {{Fictitious play in networks}},
	year = {2020},
	journal = {Games and Economic Behavior},
	author = {Ewerhart, Christian and Valkanova, Kremena},
	month = {9},
	pages = {182--206},
	volume = {123},
	publisher = {Academic Press Inc.},
	doi = {10.1016/j.geb.2020.06.006},
	issn = {10902473},
	keywords = {Conflicts, Fictitious play, Miyasawa's theorem, Networks, Potential games, Robinson's theorem, Zero-sum games}
}


@article{Leonardos2020,
	title = {{Exploration-Exploitation in Multi-Agent Learning: Catastrophe Theory Meets Game Theory}},
	year = {2020},
	author = {Leonardos, Stefanos and Piliouras, Georgios},
	month = {12},
	url = {http://arxiv.org/abs/2012.03083},
	arxivId = {2012.03083}
}

@article{Cesa-Bianchi2021,
	title = {{Online learning algorithms}},
	year = {2021},
	booktitle = {Annual Review of Statistics and Its Application},
	author = {Cesa-Bianchi, Nicolò and Orabona, Francesco},
	month = {3},
	pages = {165--190},
	volume = {8},
	publisher = {Annual Reviews Inc.},
	doi = {10.1146/annurev-statistics-040620-035329},
	issn = {2326831X},
	keywords = {classification, convex optimization, regression, regret minimization}
}

@incollection{Shapley2016,
	title = {{Some Topics in Two-Person Games}},
	year = {2016},
	booktitle = {Advances in Game Theory. (AM-52)},
	author = {Shapley, L. S.},
	month = {5},
	pages = {1--28},
	publisher = {Princeton University Press},
	doi = {10.1515/9781400882014-002}
}

@article{VanStrien2011,
	title = {{Fictitious play in 3×3 games: Chaos and dithering behaviour}},
	year = {2011},
	journal = {Games and Economic Behavior},
	author = {van Strien, Sebastian and Sparrow, Colin},
	number = {1},
	pages = {262--286},
	volume = {73},
	doi = {10.1016/j.geb.2010.12.004},
	issn = {08998256},
	arxivId = {0903.4847},
	keywords = {Bifurcation, Chaos, Fictitious play, Learning process, Replicator dynamics}
}

@incollection{Imhof2005,
	title = {{Evolutionary cycles of cooperation and defection}},
	year = {2005},
	booktitle = {Proceedings of the National Academy of Sciences of the United States of America},
	author = {Imhof, Lorens A. and Fudenberg, Drew and Nowak, Martin A.},
	number = {31},
	month = {8},
	pages = {10797--10800},
	volume = {102},
	doi = {10.1073/pnas.0502589102},
	issn = {00278424},
	keywords = {Evolutionary dynamics, Finite population, Prisoner's dilemma, Reciprocity stochastic process}
}

@article{Galla2013,
	title = {{Complex dynamics in learning complicated games}},
	year = {2013},
	journal = {Proceedings of the National Academy of Sciences of the United States of America},
	author = {Galla, Tobias and Farmer, J. Doyne},
	number = {4},
	pages = {1232--1236},
	volume = {110},
	doi = {10.1073/pnas.1109672110},
	issn = {00278424},
	arxivId = {1109.4250}
}

@article{Galla2011,
	title = {{Cycles of cooperation and defection in imperfect learning}},
	year = {2011},
	journal = {Journal of Statistical Mechanics: Theory and Experiment},
	author = {Galla, Tobias},
	number = {8},
	month = {8},
	volume = {2011},
	doi = {10.1088/1742-5468/2011/08/P08007},
	issn = {17425468},
	keywords = {applications to game theory and mathematical econo, game-theory (theory), stochastic processes}
}

@article{Mertikopoulos2018,
	title = {{Cycles in adversarial regularized learning}},
	year = {2018},
	booktitle = {Proceedings of the Annual ACM-SIAM Symposium on Discrete Algorithms},
	author = {Mertikopoulos, Panayotis and Papadimitriou, Christos and Piliouras, Georgios},
	pages = {2703--2717},
	isbn = {9781611975031},
	doi = {10.1137/1.9781611975031.172},
	arxivId = {1709.02738}
}

@book{Smith1982,
	title = {{Evolution and the Theory of Games}},
	year = {1982},
	author = {Smith, John Maynard},
	month = {10},
	publisher = {Cambridge University Press},
	url = {https://www.cambridge.org/core/product/identifier/9780511806292/type/book},
	isbn = {9780521246736},
	doi = {10.1017/CBO9780511806292}
}

@article{Tatarenko2020,
	title={Bandit Online Learning of Nash Equilibria in Monotone Games},
	author={Tatiana Tatarenko and M. Kamgarpour},
	journal={arXiv: Optimization and Control},
	year={2020}
}

@article{Ostrovski2014,
	title = {{Payoff performance of fictitious play}},
	year = {2014},
	journal = {Journal of Dynamics and Games},
	author = {Ostrovski, Georg and van Strien, Sebastian},
	number = {4},
	month = {8},
	pages = {621--638},
	volume = {1},
	publisher = {American Institute of Mathematical Sciences},
	url = {http://arxiv.org/abs/1308.4049},
	doi = {10.3934/jdg.2014.1.621},
	issn = {21646074},
	arxivId = {1308.4049},
	keywords = {Coarse correlated equilibrium, Fictitious play, Learning algorithms, Nash equilibrium, Payoff performance}
}
