@book{ vonNeumann:minority,
    title = "Theory of Games and Economic Behavior (60th Anniversary Commemorative Edition)",
    year = "1944",
    author =  "von Neumann, John and Morgenstern, Oskar and Rubinstein, Ariel",
    publisher = "Princeton University Press"
}



@article{ opper:phase,
    title = "Phase transition and 1/f noise in a game dynamical model",
    year = "1992",
    journal = "Physical Review Letters",
    author = "Opper, Manfred and Diederich, Sigurd",
    number = "10",
    pages = "1616--1619",
    volume = "69"
}


@article{hocamerer:ewa,
    title = "Experience-weighted attraction learning in normal form games",
    year = "1999",
    journal = "Econometrica",
    author = "Camerer, Colin and Ho, Teck Hua",
    number = "4",
    publisher = "Blackwell Publishing Ltd"
}

@book{ coolen:minority,
author = "Coolen, A.C.C.",
title = "The Mathematical Theory of Minority Games: Statistical Mechanics of Interacting Agents  (Oxford Finance Series)",
year = "2005",
publisher = "Oxford University Press, Inc."
}


@article{ galla:complex,
    title = "Complex dynamics in learning complicated games",
    year = "2013",
    journal = "Proceedings of the National Academy of Sciences of the United States of America",
    author = "Galla, Tobias and Farmer, J. Doyne",
    number = "4"
}

@article{ galla:cycles,
    title = "Cycles of cooperation and defection in imperfect learning",
    year = "2011",
    journal = "Journal of Statistical Mechanics: Theory and Experiment",
    author = "Galla, Tobias"
}

@article{ piliouras:catastrophe,
    title = "Exploration-Exploitation in Multi-Agent Learning: Catastrophe Theory Meets Game Theory",
    year = "2020",
    author = "Leonardos, Stefanos and Piliouras, Georgios",
    month = "12"
}


@article{ leslie:iql,
    title = "Individual Q-learning in normal form games",
    year = "2006",
    journal = "SIAM Journal on Control and Optimization",
    author = "Leslie, David S and Collins, E J",
  
}

@book{ mezard:spinglass,
  author = "Mezard, N.",
  publisher = "World Scientific",
  title = "Spin Glass Theory and Beyond",
  year = "1987"
}


@article{ tuyls:iteratedgames,
    title = "An evolutionary dynamical analysis of multi-agent learning in iterated games",
    year = "2006",
    author = "Tuyls, Karl and T Hoen, Pieter Jan and Vanschoenwinkel, Bram",
}

@book{ schwartz:reinforcement,
    title = "Multi-Agent Machine Learning: A Reinforcement Approach",
    year = "2014",
    author = "Schwartz, Howard M.",
}

@article{sanders:prevalence,
title = "The prevalence of chaotic dynamics in games with many players",
year = "2018",
journal = "Scientific Reports",
author = "Sanders, James B. T. and Farmer, J. Doyne and Galla, Tobias"
}


@book{ shoham_leyton-brown_2008,
    title = " Multiagent Systems: Algorithmic, Game-Theoretic, and Logical Foundations ",
    year = "2008",
    author = "Shoham, Yoav and Leyton-Brown, Kevin",
    publisher = "Cambridge University Press",
}

@book{strogatz:2000,

  author = "Strogatz, Steven H.",
  publisher = "Westview Press",
  title = "Nonlinear Dynamics and Chaos: With Applications to Physics, Biology, Chemistry and Engineering",
  year = "2000"
}

@book{Sutton2018,
    title = "Reinforcement Learning: An Introduction",
    year = "2018",
    author = "Sutton, R and Barto, A",
    publisher = "MIT Press",
}

@book{ von-Neumann:games,
    title = "Theory of Games and Economic Behavior (60th Anniversary Commemorative Edition)",
    year = "1944",
    author =  "von Neumann, John and Morgenstern, Oskar and Rubinstein, Ariel",
    publisher = "Princeton University Press"
}

@article{bloembergen:survey,
  Title                    = "Evolutionary dynamics of multi-agent learning: A survey",

  Author                   = "Bloembergen, Daan and Tuyls, Karl and Hennes, Daniel and Kaisers, Michael",
  Year                     = "2015",
  journal                  = "Journal of Artificial Intelligence Research",
  Volume                   = "53"
}

@book{Zinn-Justin:QFT,
    author = "Zinn-Justin, J",
    publisher = "Clarendon Press",
    title = "Quantum field theory and critical phenomena",
    year = "2002"
}

@book{sewell:fourier,
    author = "Sewell, Granville",
    booktitle = "The Numerical Solution of Ordinary and Partial Differential Equations",
    pages = "282--287",
    publisher = "John Wiley and Sons Inc.",
    title = "Appendix B - The Fourier Stability Method",
    year = "2005"
}

@article{svs:fp,
author = "van Strien, Sebastian and Sparrow, Colin",
journal = "Games and Economic Behavior",
title = "Fictitious play in 3Ã—3 games: Chaos and dithering behaviour",
volume = "73",
year = "2011"
}

@article{piliouras:chaoticmaps,
    author = "Chotibut, Thiparat and Falniowski, Fryderyk and Misiurewicz, Michael and Piliouras, Georgios",
    journal = "Dynamical Systems",
    title = "Family of chaotic maps from game theory",
    year = "2020"
}
